1649 2452
223 86 302 124 654
547 85 765 125 T.L1V11
797 86 1218 127 HISTORIARUM
1331 141 1390 181 [A
1406 141 1444 172 c.
1461 139 1537 174 m
1582 143 1586 146 -

220 193 265 222 se
285 178 499 252 cuspidem
528 182 709 224 erectam
731 181 990 238 quatientem
1009 177 1225 235 vidissent,
1247 186 1405 240 quanta
1422 195 1539 227 max-

179 253 201 289 5
219 242 303 286 ima
341 243 384 287 vi
423 247 596 300 possent
636 244 897 290 concitarent
936 246 1099 303 equites
1137 261 1184 290 m
1220 246 1398 291 hostem.
1468 246 1540 291 Ad

219 312 372 351 1111111111
402 308 541 351 omnia
570 312 620 352 ut
650 323 703 352 ex
738 312 836 353 ante
871 313 1104 366 praeparato
1134 311 1264 354 fiunt:
1296 310 1540 368 panduntur

219 371 330 415 inter
361 371 528 416 ordines
557 372 647 423 viae,
675 373 868 430 provolat
897 389 1026 432 eques
1055 379 1183 432 atque
1210 374 1375 419 infestis
1403 374 1540 433 cuspi-

220 434 344 480 dibus
379 435 424 479 in
458 435 644 480 medium
678 451 829 495 agmen
867 437 1054 482 hostium
1092 438 1181 482 ruit
1221 438 1540 498 perrumpitque

179 506 202 543 6
220 499 386 545 ordines
408 515 671 559 quacumque
690 501 895 560 impetum
916 502 1046 548 dedit.
1098 504 1268 548 Instant
1288 503 1539 549 Volumnius

218 567 263 608 et
304 564 442 622 Scipio
482 568 526 609 et
560 565 775 623 perculsos
815 569 1026 612 sternunt.
1093 567 1201 612 Tum
1236 570 1327 625 Jam
1366 567 1539 613 deorum

218 627 517 686 hominumque
551 629 665 674 victa
700 629 788 674 vis:
831 630 1070 675 funduntur
1103 631 1292 677 linteatae
1329 631 1538 688 cohortes,

217 693 375 749 pariter
396 693 532 749 jurati
560 693 818 752 injuratique
848 694 1020 753 fugiunt
1049 710 1128 740 nec
1156 711 1406 754 quemquam
1437 710 1538 754 prae·

176 763 198 803 7
220 763 287 800 101·
316 757 460 802 hostes
491 760 701 802 metuunt.
762 758 962 802 Peditum
992 775 1156 817 agmen,
1188 759 1299 818 quod
1329 760 1538 818 superfuit

218 836 384 879 puguae,
406 822 450 865 in
471 826 609 866 castra
635 829 709 866 aut
729 823 998 880 Aquiloniam
1026 824 1287 881 compulsum
1314 828 1392 877 est,
1421 824 1539 870 nobi·

177 894 198 929 8
218 885 314 929 litas
336 886 582 944 equitesque
602 886 838 930 Bovianum
859 887 1151 945 perfugerunt.
1212 889 1391 946 Equites
1408 903 1538 947 eques

217 950 408 1007 sequitur
449 950 634 1008 peditem
668 950 809 1008 pedes,
849 950 1015 995 diversa
1053 967 1210 996 cornua
1249 952 1444 997 dextrum
1485 952 1539 998 ad

218 1017 358 1058 castra
388 1014 651 1068 Samnitium,
683 1014 836 1059 laevum
867 1014 921 1059 ad
949 1016 1096 1060 urbem
1129 1017 1291 1060 tendit:
1323 1017 1439 1074 prior
1464 1017 1538 1062 ali-

217 1082 374 1135 quanto
415 1078 668 1123 Volumnius
709 1083 848 1124 castra
886 1081 1023 1138 cepit:
1073 1080 1124 1124 ad
1163 1081 1312 1126 urbem
1354 1081 1538 1140 Scipioni

215 1143 371 1200 majore
398 1143 612 1188 resistitur
639 1143 694 1198 vi,
723 1159 809 1188 non
836 1144 935 1203 quia
960 1144 1056 1201 plus
1077 1145 1204 1189 animi
1224 1145 1348 1190 victis
1376 1151 1443 1191 est
1462 1146 1537 1191 sed

215 1207 364 1251 melius
399 1208 508 1252 muri
545 1223 668 1266 quam
704 1207 855 1253 vallum
890 1213 1073 1253 armatos
1105 1214 1273 1254 arcent:
1306 1209 1404 1255 inde
1432 1210 1538 1269 lapi·

175 1285 196 1321 9
216 1271 338 1316 dibus
359 1272 607 1330 propulsant
627 1273 806 1317 hostem.
870 1273 1022 1331 Scipio,
1043 1274 1124 1318 nisi
1149 1275 1194 1318 in
1214 1275 1347 1332 primo
1368 1289 1535 1333 pavore,

218 1336 462 1394 priusquam
483 1337 780 1395 colligerentur
808 1338 947 1391 animi,
976 1342 1192 1383 transacta
1211 1355 1278 1384 res
1300 1343 1426 1392 esset,
1449 1339 1537 1385 len-

218 1402 364 1445 tiorem
400 1401 491 1446 fore
521 1401 695 1446 munitae
725 1401 842 1446 urbis
873 1403 1227 1460 oppugnationem
1259 1408 1378 1449 ratus
1409 1404 1538 1449 inter-

217 1470 336 1523 rogat
366 1466 536 1517 milites2
567 1466 694 1510 satin'
726 1482 845 1525 aequo
876 1468 1013 1511 animo
1044 1472 1291 1525 paterentur
1321 1468 1374 1514 ab
1403 1469 1536 1514 altero

214 1545 345 1575 cornu
367 1535 506 1575 castra
527 1535 649 1588 capta
670 1546 774 1584 esse,
798 1546 843 1576 se
864 1532 1045 1576 victores
1073 1533 1171 1590 pelli
1192 1547 1216 1576 11
1237 1534 1370 1591 portis
1391 1533 1535 1579 urbis:

213 1594 539 1639 reclamantibus
566 1595 773 1639 universis
800 1595 962 1653 primus
990 1596 1081 1654 ipse
1108 1600 1230 1642 scuto
1257 1612 1384 1655 super
1407 1601 1536 1656 caput

214 1659 324 1703 elato
360 1659 500 1718 pergit
540 1659 593 1703 ad
633 1664 811 1718 portam,
849 1661 1019 1718 sequuti
1059 1661 1128 1705 alii
1168 1661 1383 1707 testudine
1422 1662 1536 1708 sacta

213 1723 258 1767 in
296 1722 443 1768 urbem
478 1728 756 1781 perrumpunt
792 1723 1112 1783 deturbatisque
1148 1726 1422 1771 Samnitibus·
1441 1742 1535 1786 quae

214 1787 324 1832 circa
345 1792 508 1846 portam
525 1793 644 1832 erant
662 1789 771 1833 muri
787 1804 1063 1847 occupavere:
1097 1795 1318 1848 penetrare
1334 1791 1535 1837 interiora

90 1851 342 1916 (42)urbis‚
375 1853 474 1925 quia
505 1854 628 1910 pauci
661 1852 884 1898 admodum
917 1858 1050 1910 erant,
1079 1869 1164 1899 nou
1196 1855 1365 1900 audent.
1426 1855 1534 1901 Haec

213 1917 348 1974 primo
375 1917 570 1974 ignorare
598 1917 744 1962 consul
772 1922 816 1962 et
840 1918 1030 1963 intentus
1061 1919 1299 1977 recipiendo
1329 1920 1533 1966 exercitui

214 1996 331 2026 csse:
359 1981 391 2039 jz
381 1997 445 2025 1111
468 1982 577 2026 0111111
600 1997 786 2039 praeceps
802 1982 846 2026 in
866 1997 1061 2028 occasum
1083 1983 1145 2028 sol
1166 1989 1255 2028 erat
1272 1988 1315 2029 et
1331 1983 1533 2042 adpetens

213 2060 297 2089 nox
327 2045 560 2103 periculosa
590 2050 633 2090 ct
661 2051 861 2104 suspecta
887 2049 1027 2092 omnia
1054 2049 1179 2092 01111111
1212 2048 1439 2093 victoribus
1471 2048 1534 2092 sa·

174 2110 363 2160 2ciebat.
444 2110 703 2169 Progressus
743 2111 910 2170 longius
951 2112 1003 2157 ab
1044 2112 1193 2157 dextra
1231 2118 1355 2171 capta
1393 2116 1533 2158 castra

214 2175 341 2229 videt,
371 2174 423 2220 ab
450 2174 555 2220 laeva
581 2175 803 2221 clamorem
832 2177 878 2221 in
906 2176 1011 2222 urbe
1037 2178 1215 2222 mixtum
1250 2177 1531 2236 pugnantium

213 2254 261 2286 110
288 2239 528 2305 paventium
558 2239 731 2291 fremitu
759 2255 876 2288 esse:
909 2245 954 2290 01
978 2245 1068 2289 111111
1100 2241 1210 2289 forte
1235 2247 1447 2290 certamen
1477 2241 1530 2288 ad
