1649 2452
583 55 696 94 LIB.
724 54 849 93 VIII.
880 56 1050 94 21—23.
1398 57 1476 95 509

150 109 481 209 ‹iminissdlatum
501 152 614 195 esset
635 165 660 194 a
681 149 1025 207 Graecis—gcnte
1046 147 1191 205 lingua
1216 148 1349 206 magis
1370 151 1474 193 strc·

148 231 234 260 nua
259 230 385 274 quam
415 214 717 259 factis—ferox
746 229 1006 271 responsum,
1037 227 1088 256 ex
1120 212 1371 256 auctoritate
1401 228 1472 270 pa-

146 283 261 324 trum
291 278 471 337 populus
498 278 809 336 Palaepolitanis
841 277 996 322 bellum
1026 276 1118 321 fieri
1141 276 1288 334 jussit.
1349 276 1506 326 Inter6

146 343 339 388 consules
361 342 588 400 provinciis
610 343 861 400 comparatis
890 341 998 386 bello
1027 340 1163 385 Graeci
1191 341 1469 399 persequendi

145 407 328 452 Publilio
344 410 587 463 evenerunt,
603 407 823 452 Cornelius
840 406 972 451 altero
988 405 1178 450 exercitu
1194 405 1465 460 Samnitibus,

144 471 180 514 si
202 486 285 529 qua
304 486 350 516 56
380 477 609 524 moverent,
634 471 878 529 oppositus:
911 472 1024 514 fama
1051 473 1192 514 autem
1213 473 1305 514 erat
1326 469 1466 515 defec-

142 535 249 579 tioni
276 535 585 593 Campanorum
613 535 878 579 imminentes
910 533 1152 578 admoturos
1180 538 1331 578 castra.
1393 535 1462 579 Ibi
1479 544 1500 584 7

142 599 348 656 optimum
376 600 513 643 visum
542 599 736 644 Cornelio
767 599 923 643 stativa
953 598 1119 643 habere.
1182 597 1250 643 Ab
1281 601 1582 657 utroque(23)

140 663 312 708 consule
339 664 534 722 exiguam
563 679 680 721 spem
711 663 823 721 pacis
852 678 947 708 cum
971 662 1228 707 Samnitibus
1256 677 1348 707 esse
1376 677 1463 708 cer-

139 727 224 771 tior
253 728 300 772 fit
333 732 527 772 senatus:
570 727 778 772 Publilius
814 727 899 771 duo
929 727 1059 770 millia
1089 727 1353 771 Nolanorum
1387 728 1464 772 mi-

139 791 263 836 litum
303 796 346 837 et
384 797 586 850 quattuor
627 791 877 836 Samnitium
918 791 1052 850 magis
1093 791 1271 835 Nolanis
1312 806 1462 850 cogen-

139 855 254 901 tibus
285 872 409 914 quam
437 856 654 901 voluntate
687 856 928 901 Graecorum
959 860 1129 913 recepta
1158 855 1358 913 Palaepoli
1387 857 1463 901 mi-

139 924 250 965 serat
272 921 451 965 Romam
479 924 753 978 compertum,
778 920 999 965 Cornelius
1029 920 1227 965 dilectum
1256 920 1461 965 indictum

137 999 162 1029 a
201 985 520 1043 magistratibus
561 985 887 1043 universumque
929 985 1145 1029 Samnium
1186 989 1373 1030 erectum
1413 1001 1462 1031 ac

135 1049 294 1094 vicinos
316 1049 491 1108 populos
523 1050 814 1094 Privernatem
842 1049 1178 1108 Fundanumque
1206 1055 1250 1094 et
1279 1049 1460 1094 Formia-

134 1129 237 1158 num
265 1114 378 1159 haud
409 1114 602 1172 ambigue
633 1114 860 1159 sollicitari.
923 1113 990 1158 Ob
1022 1114 1109 1159 haec
1139 1130 1266 1172 quum
1297 1114 1496 1173 legatos2

133 1179 247 1223 mitti
267 1178 496 1237 placuisset
517 1180 633 1236 prius
656 1178 709 1223 ad
738 1179 950 1223 Samnites
981 1194 1102 1236 quam
1134 1178 1291 1224 bellum
1320 1179 1454 1232 fieret,

131 1258 380 1319 responsum
399 1243 591 1288 redditur
621 1243 673 1288 ab
704 1243 962 1288 Samnitibus
990 1243 1122 1288 ferox.
1183 1243 1312 1288 Ultro
1342 1244 1454 1288 incu-
1469 1249 1492 1286 3

131 1307 321 1352 sabant
310 1309 484 1380 injurias
515 1308 815 1362 Romanorum,
846 1323 983 1366 neque
1011 1323 1061 1352 eo
1091 1307 1375 1366 negligentius
1407 1324 1456 1353 ea

130 1388 222 1431 quae
258 1372 360 1430 ipsis
400 1372 683 1431 objicerentur
717 1373 981 1432 purgabant:
1014 1372 1128 1417 haud
1145 1343 1249 1417 nullo
1285 1372 1452 1430 publico

129 1437 302 1482 consilio
340 1437 549 1482 auxiliove
579 1438 722 1495 juvari
759 1438 928 1482 Graecos
958 1452 1036 1482 nec
1072 1436 1325 1482 Fundanum
1355 1437 1453 1482 For-

127 1502 364 1546 mianumve
385 1517 410 1546 a
437 1518 482 1546 se
510 1502 769 1556 sollicitatos,
794 1503 948 1561 quippe
976 1502 1147 1546 minime
1175 1502 1380 1560 poenitere
1409 1518 1454 1548 se

126 1566 279 1610 virium
301 1582 472 1611 suarum
493 1567 528 1611 si
556 1566 711 1611 bellum
742 1567 916 1625 placeat.
980 1566 1192 1612 Caeterum
1220 1582 1305 1611 non
1331 1582 1453 1624 posse
1466 1575 1491 1611 4

125 1630 387 1676 dissimulare
415 1646 526 1689 aegre
553 1631 643 1689 pati
672 1632 887 1676 civitatem
919 1632 1184 1684 Samnitium,
1208 1631 1321 1689 quod
1350 1631 1453 1677 Fre-

123 1695 255 1754 gellas
291 1711 345 1739 ex
381 1695 552 1740 Vulscis
588 1700 732 1753 captas
769 1695 1016 1754 dirutasque
1051 1695 1103 1740 ab
1134 1711 1180 1740 56
1215 1696 1451 1740 restituerit

124 1760 343 1804 Romanus
365 1759 561 1817 populus,
585 1760 872 1818 coloniamque
892 1760 937 1804 in
966 1760 1217 1804 Samnitium
1247 1774 1348 1818 agro
1375 1761 1452 1804 im-

122 1825 353 1883 posuerint,
376 1840 500 1882 quam
522 1824 657 1870 coloni
685 1840 829 1869 eorum
850 1825 1061 1883 Fregellas
1090 1825 1325 1883 appellent:
1359 1841 1449 1870 eam

122 1905 168 1934 se
189 1889 486 1934 contumeliam
506 1889 797 1948 injuriamque,
818 1890 862 1934 ni
890 1889 970 1934 sibi
997 1889 1049 1934 ab
1075 1889 1140 1934 his
1169 1890 1243 1947 qui
1273 1889 1449 1935 fecerint

122 1953 327 2007 dematur,
349 1954 464 2011 ipsos
485 1954 600 1998 omni
622 1954 664 1998 vi
685 1953 933 2011 depulsuros
954 1969 1060 1998 esse.
1123 1953 1268 2002 Quum
1293 1954 1484 1998 Roma-5

120 2034 201 2063 nus
229 2018 394 2078 legatus
425 2017 479 2062 ad
509 2018 828 2077 disceptandum
854 2034 926 2063 eos
957 2018 1011 2063 ad
1040 2033 1281 2063 communes
1312 2019 1447 2064 socios

123 2087 250 2141 atque
272 2083 426 2128 amicos
448 2087 631 2136 vocaret,
658 2087 685 2105 “
700 2083 809 2137 Quid
837 2083 1033 2141 perplexe
1054 2083 1259 2142 agimus‚'’
1280 2083 1417 2142 inquit
1436 2100 1445 2128 :

124 2151 312 2192 “nostra
338 2148 578 2202 certamina,
610 2148 804 2200 Romani,
833 2163 919 2193 non
947 2147 1076 2194 verba
1100 2148 1336 2207 legatorum
1366 2164 1444 2194 nec

122 2210 339 2264 hominum
360 2213 580 2279 quisquam
603 2212 860 2263 disceptator
887 2212 963 2262 sed
989 2228 1162 2276 campus
1191 2213 1443 2275 Campanus,
