1649 2452
609 77 721 118 LIB.
752 77 833 116 lx.
861 79 926 116 34.
1354 82 1431 121 559

107 133 370 233 {iggiidiaiiut
399 172 592 218 ludorum
622 187 748 218 causa
779 171 1027 222 dictatorem
1056 171 1257 216 audacter
1283 174 1432 218 crees?

109 239 244 292 Quam
274 239 348 284 isti
377 238 553 288 stolidos
582 253 633 282 ae
663 237 858 282 socordes
884 236 1018 282 videri
1047 237 1218 282 creditis
1249 253 1333 290 eos,
1358 239 1431 296 qui

107 303 229 353 intra·
239 303 483 348 vicesimum
513 302 622 346 diem
644 301 886 359 ingentibus
917 301 1043 346 rebus
1064 302 1197 359 gestis
1219 301 1433 347 dictatura

106 383 152 412 se
168 367 468 418 abdicaverunt
485 372 558 411 aut
575 367 650 425 qui
664 366 767 410 vitio
784 366 914 410 creati
935 365 1129 410 abierunt
1150 366 1430 424 magistratu?

106 431 208 490 quid
241 446 321 490 ego
351 431 525 489 antiqua
553 436 738 489 repetam
763 446 772 475 ε
813 445 949 488 nuper
979 430 1092 474 intra
1126 429 1270 474 decem
1300 445 1431 475 annos

107 495 156 540 C.
191 495 375 541 Maenius
411 494 605 548 dictator,
644 495 755 553 quia,
791 510 923 553 quum
954 494 1208 553 quaestiones
1244 495 1431 540 severius

106 575 231 619 quam
253 559 504 618 quibusdam
535 558 779 617 potentibus
806 563 950 603 tutum
972 564 1062 603 erat
1083 564 1312 611 exerceret,
1333 574 1432 603 con·

105 625 221 682 tagio
251 628 343 682 ejus
366 639 448 682 quo
480 623 693 681 quaerebat
715 624 804 682 ipse
826 623 1011 668 criminis
1043 623 1255 679 objectata
1282 623 1332 667 ab
1354 624 1434 668 iui-

104 689 224 733 micis
245 694 323 742 est,
344 694 394 733 ut
423 689 613 746 privatus
641 688 804 732 obviam
837 689 919 732 iret
950 688 1125 740 crimini,
1149 687 1359 732 dictatura
1386 703 1431 733 se

106 752 327 802 abdicavit.
389 753 502 797 Nolo
537 767 616 810 ego
649 753 774 797 istam
809 752 853 796 in
887 757 932 796 te
966 752 1238 796 modestiam:
1271 767 1324 796 118
1360 752 1467 798 118-5

105 817 371 876 generaveris
404 832 425 861 a
468 815 625 861 familia
652 816 1003 874 imperiosissima
1037 821 1080 860 et
1121 816 1432 874 superbissima,

106 898 192 928 non
221 883 403 940 die-non
434 883 537 927 hora
566 882 691 927 citius
724 897 848 940 quam
879 897 1049 926 necesse
1083 886 1147 926 est
1178 884 1431 940 magistratu

107 947 271 1001 abieris,
303 947 429 992 modo
459 963 512 991 118
553 945 729 991 excedas
770 947 937 991 finitum
971 951 1153 1004 tempus.
1217 947 1328 994 Satis
1365 948 1490 1005 estss'

107 1016 181 1056 aut
203 1011 312 1056 diem
333 1017 408 1056 aut-
434 1027 621 1056 mensem
642 1026 833 1055 censurae
858 1011 1068 1067 adjicere?
1101 1011 1343 1056 Triennium
1370 1012 1429 1056 in-

37 1123 41 1126 ,
107 1077 200 1136 qujt
227 1080 271 1121 et
299 1092 375 1121 sex
400 1091 565 1121 menses
594 1075 706 1120 ultra
733 1091 859 1134 quam
886 1075 984 1120 licet
1009 1076 1181 1120 AEmilia
1211 1076 1303 1134 lege
1334 1092 1429 1121 cen-

107 1156 247 1189 suram
268 1156 411 1199 geram
438 1146 481 1185 et
508 1140 622 1184 solus
650 1155 806 1198 geram.
853 1140 965 1201 ⁴Hoc
991 1140 1158 1198 quidem
1183 1140 1271 1198 jam
1298 1151 1464 1199 regno7

107 1205 242 1250 simile
272 1209 350 1250 est.
412 1207 482 1250 An
511 1204 710 1263 collegam
754 1203 1015 1262 subrogabis,
1049 1203 1171 1263 quern
1203 1220 1256 1249 ne
1286 1205 1332 1250 in
1361 1206 1428 1251 de-

107 1270 264 1314 mortui
285 1269 451 1329 quidem
476 1269 614 1314 locum
616 1242 862 1326 ”subrogari
882 1270 951 1313 fas
967 1272 1059 1314 est.
1050 1270 1067 1300 9
1100 1269 1276 1327 poem‘tet
1304 1270 1428 1325 enim,

108 1334 220 1393 quod
248 1335 605 1394 antiquissimum·
598 1333 825 1378 sollemne
837 1339 880 1377 et
908 1333 1042 1378 solum
1071 1333 1247 1396 abipso,
1271 1335 1339 1394 cui
1366 1336 1426 1388 fit,

107 1399 353 1444 institutum
374 1399 452 1443 deo
473 1399 524 1444 ab
552 1398 818 1443 nobilissimis
840 1393 1103 1443 antistitibus
1125 1402 1217 1456 ejus
1248 1400 1355 1444 sacri
1376 1400 1430 1445 ad

108 1479 324 1513 servorum
346 1463 625 1519 ministerium
648 1463 869 1521 religiosus
900 1478 1048 1507 censor
1075 1462 1301 1517 deduxisti,
1325 1480 1429 1522 gens

107 1528 320 1587 antiquior
354 1527 586 1585 originibus
621 1527 737 1572 urbis
770 1527 896 1585 hujus
930 1528 1114 1587 hospitio
1146 1526 1320 1574 deoruin
1354 1530 1430 1574 im-

106 1593 346 1639 mortalium
382 1598 529 1638 sancta
561 1597 733 1650 propter
767 1599 812 1636 te
843 1607 891 1636 ae
920 1597 1037 1637 tuam
1069 1608 1287 1637 censuram
1319 1594 1431 1638 iutra

107 1673 262 1702 annum
283 1657 335 1705 ab
357 1658 488 1715 stirpe
515 1657 725 1701 exstincta
744 1660 821 1711 est,
842 1657 924 1701 nisi
950 1657 1188 1702 universam
1215 1673 1301 1701 rem
1326 1657 1431 1716 pub-

106 1722 227 1773 licam
259 1738 309 1767 eo
339 1722 498 1771 nefario
529 1721 816 1773 obstrinxeris,
850 1712 965 1780 quod
993 1723 1169 1766 ominari
1208 1722 1335 1766 etiam
1366 1738 1432 1767 re-

106 1786 305 1839 formidat
335 1788 526 1831 animus:
557 1785 658 1830 urbs
680 1801 730 1830 80
760 1786 896 1831 lustro
917 1791 1040 1844 capta
1060 1792 1138 1842 est,
1160 1801 1243 1844 quo
1270 1786 1431 1831 demor-

106 1856 184 1897 tuo
223 1851 385 1910 collega
424 1851 472 1895 C.
495 1850 614 1902 Julio
654 1865 826 1895 censore
866 1851 919 1896 L.
942 1851 1137 1909 Papirius
1172 1851 1344 1904 Cursor,
1375 1868 1430 1897 ne

107 1916 241 1964 abiret
273 1916 536 1974 magistratu,
574 1915 640 1960 M.
666 1916 906 1961 Cornelium
937 1917 1274 1974 Maluginensem
1308 1918 1432 1964 80118-

107 1997 203 2040 gam
224 1981 482 2040 subrogavit.
543 1980 602 2025 Et
632 1986 790 2041 quanto
818 1981 1046 2026 modestior
1080 1982 1191 2027 illius
1222 1983 1468 2042 cupiditass

107 2047 190 2092 suit
211 2061 337 2105 quam
362 2052 451 2101 tua,
470 2046 617 2104 Appi?
650 2061 727 2090 neo
759 2045 873 2091 solus
901 2062 980 2091 nec
1010 2047 1124 2092 ultra
1143 2047 1307 2095 finitum
1339 2047 1432 2105 lege

106 2115 276 2170 tempus
305 2111 358 2163 L.
380 2111 575 2168 Papirius
603 2125 824 2155 censuram
855 2112 1017 2169 gessit:
1049 2118 1194 2164 tamen
1223 2113 1432 2158 neminem

109 2175 269 2227 invenit
305 2176 380 2235 qui
419 2191 465 2221 se
504 2180 602 2234 post
642 2191 692 2220 ea
731 2179 947 2228 auctorem
987 2181 1248 2236 sequeretur,
1286 2193 1432 2223 omnes

108 2241 305 2324 deinceps
333 2257 528 2307 0611111168
559 2247 658 2320 post
688 2248 866 2306 1110119111
897 2243 1067 2320 college
1097 2258 1143 2300 se
1178 2243 1434 2308 magistratu
