1649 2452
215 73 292 114 570
527 74 573 112 T.
605 73 753 113 LIVII
785 71 1213 114 HISTORIARUM
1325 129 1367 159 ’A
1398 128 1424 159 c
1452 127 1509 160 31⁰

1324 138 1336 166 ι
1373 151 1380 159 .
1425 150 1432 159 .
1490 149 1520 160 ...

214 181 289 224 per
316 169 461 225 aperta
486 167 576 212 loca
602 167 719 212 brevi
747 167 926 212 circuitu
955 168 999 213 iu
1022 167 1113 213 loca
1142 168 1265 226 plana
1295 168 1524 227 Campanos

213 245 381 290 campos
404 246 555 290 agmen
581 230 815 285 dimittunt,
838 231 978 291 ibique
1005 232 1186 290 primum
1206 236 1345 278 castra
1363 232 1409 278 in
1435 249 1525 278 cou-

213 299 362 353 spectu
396 296 590 340 hostibus
626 295 736 349 data,
769 295 918 341 deinde
953 296 1114 341 levibus
1151 296 1306 354 proeliis
1342 297 1527 355 equitum

213 360 365 417 saepius
386 375 510 418 quam
532 359 721 417 peditum
741 359 953 418 utrimque
981 360 1209 418 perieulum
1239 361 1422 405 factum:
1449 376 1528 406 nee

213 427 286 467 aut
307 429 483 468 eventus
505 439 651 468 eorum
677 423 915 468 Romanum
943 428 1016 468 aut
1042 440 1170 469 morae
1199 440 1283 483 qua
1307 424 1527 470 trahebant

175 485 366 532 3bellum
391 487 632 545 poenitebat.
695 487 944 532 Samnitium
969 492 1116 533 contra
1143 487 1320 532 ducibus
1347 492 1391 533 et
1418 489 1528 547 carpi

215 552 350 609 parvis
373 550 558 609 quotidie
579 550 739 596 damnis
761 554 804 596 et
825 567 1040 597 senescere
1068 551 1267 596 dilatione
1294 551 1392 597 belli
1421 553 1527 597 vires

213 631 299 660 suae
336 615 614 660 videbantur:
646 615 789 674 itaque
823 615 868 660 in
897 616 1027 661 aciem
1057 615 1290 673 procedunt
1320 615 1528 673 equitibus

211 679 256 723 in
277 694 434 723 cornua
454 679 610 732 divisis,
635 680 787 738 quibus
808 684 1064 738 praeceptum
1085 683 1175 724 erat
1203 680 1452 725 intentiores
1476 680 1529 724 ad

211 747 451 801 respectum
487 749 733 797 castrorum,
768 760 821 789 ne
858 760 940 802 qua
971 760 1020 789 eo
1053 745 1116 789 vis
1153 744 1283 798 fieret,
1319 760 1445 803 quam
1477 745 1529 789 ad

173 814 197 851 4
213 807 406 865 proelium
437 811 612 862 starent,
643 808 775 853 aciem
805 808 938 866 pediti
968 811 1106 852 tutam
1136 807 1238 853 fore.
1301 807 1529 853 Consulum

215 871 423 928 Sulpicius
445 873 489 916 in
510 871 672 926 dextro,
696 873 886 918 Poetilius
907 873 953 917 in
973 872 1078 917 laevo
1110 888 1240 917 cornu
1267 872 1526 918 consistunt:

212 935 361 981 dextra
390 952 499 995 pars,
533 953 616 996 qua
650 940 693 982 et
731 937 939 982 Samnites
975 937 1080 981 raris
1117 936 1333 982 ordinibus
1369 942 1442 982 aut
1476 937 1531 982 ad

212 1000 528 1045 circumeundos
554 1001 698 1046 hostes
729 1005 803 1046 aut
832 1017 885 1046 ne
917 1001 998 1059 ipsi
1027 1001 1350 1046 circumirentur
1377 1001 1529 1047 consti-

210 1069 364 1120 terant,
405 1066 532 1111 latius
572 1067 786 1124 patefacta
826 1067 975 1111 stetit:
1018 1066 1212 1121 sinistris,
1253 1070 1529 1125 praeterquam

212 1130 324 1188 quod
359 1130 631 1176 confertiores
663 1134 883 1184 steterant,
916 1131 1136 1188 repentino
1172 1131 1344 1176 consilio
1375 1130 1531 1176 Poetilii

212 1194 394 1238 consulis
431 1194 583 1240 additae
618 1195 741 1248 vires,
778 1194 847 1254 qui
884 1194 1152 1239 subsidiarias
1194 1195 1401 1248 cohortes,
1439 1211 1529 1254 qua:

211 1257 386 1316 integrae
409 1259 461 1303 ad
480 1258 679 1318 longioris
700 1275 852 1317 pugnae
873 1274 994 1304 casus
1022 1258 1356 1314 reservabantur,
1376 1260 1421 1304 in
1447 1260 1530 1318 pri-

213 1338 322 1366 mam
343 1323 474 1368 aciem
495 1323 703 1382 extemplo
725 1323 863 1368 emisit
890 1323 1179 1381 universisque
1206 1323 1371 1373 hostem
1397 1324 1530 1382 primo

174 1387 374 1444 5impetu
403 1387 560 1432 viribus
591 1387 770 1446 impulit.
834 1387 1054 1432 Commota
1084 1387 1270 1445 pedestri
1300 1388 1388 1433 acie
1418 1388 1531 1433 Sam-

212 1451 365 1496 nitium
395 1468 522 1511 eques
551 1453 597 1497 in
625 1468 807 1511 pugnam
841 1453 1050 1497 succedit:
1083 1453 1127 1497 in
1154 1452 1266 1498 hunc
1291 1457 1531 1499 transverso

214 1516 378 1575 agmine
408 1518 521 1562 inter
548 1517 651 1562 duas
680 1518 788 1562 acies
817 1533 861 1562 se
891 1516 1142 1561 inferentem
1170 1517 1388 1562 Romanus
1416 1518 1531 1576 equi-

213 1584 329 1626 tatus
350 1581 534 1626 concitat
555 1597 683 1640 equos
706 1582 907 1640 signaque
932 1585 976 1626 et
997 1580 1164 1626 ordines
1190 1581 1378 1639 peditum
1406 1587 1531 1641 atque

214 1645 400 1703 equitum
425 1645 655 1698 confundit,
680 1645 810 1689 donec
832 1646 1067 1689 universam
1091 1645 1142 1689 ab
1168 1661 1216 1689 ca
1237 1651 1355 1703 parte
1377 1647 1530 1691 avertit

177 1711 358 1754 Gacicm.
419 1711 473 1754 In
500 1726 549 1754 eo
577 1726 707 1755 cornu
733 1726 818 1754 non
845 1710 1039 1754 Poetilius
1071 1709 1184 1754 solus
1213 1709 1287 1754 scd
1320 1710 1530 1768 Sulpicius

214 1774 339 1818 etiam
360 1774 552 1819 hortator
573 1774 764 1819 adfuerat
786 1778 957 1819 avectus
979 1774 1030 1819 ab
1053 1774 1139 1818 suis
1171 1773 1355 1818 nondum
1386 1790 1531 1820 eonse-

213 1839 402 1884 rentibus
438 1855 586 1884 manus
628 1838 680 1883 ad
720 1838 940 1884 clamorem
981 1854 1006 1883 a
1045 1839 1217 1883 sinistra
1257 1843 1375 1897 parte
1415 1839 1531 1897 prius

214 1906 431 1948 exortum:
464 1903 575 1948 unde
602 1903 715 1948 haud
745 1904 913 1948 dubiam
942 1903 1159 1948 victoriam
1190 1919 1378 1957 cernens,
1402 1920 1532 1962 quum

214 1967 265 2011 ad
294 1985 417 2012 suum
444 1983 575 2013 cornu
604 1967 797 2013 tenderet
829 1984 924 2013 eum
951 1968 1062 2013 mille
1090 1967 1283 2013 ducentis
1313 1967 1427 2022 viris,
1451 1967 1531 2013 dis·

215 2032 388 2077 similem
411 2031 468 2077 ibi
489 2033 701 2078 fortunam
730 2033 900 2088 invenit,
922 2032 1136 2077 Romanos
1163 2032 1255 2078 loco
1276 2032 1419 2091 pulsos
1447 2032 1530 2078 vic·

215 2101 348 2142 torem
376 2098 539 2144 hostem
571 2098 691 2157 signa
717 2098 761 2143 in
788 2097 1000 2157 perculsos
1028 2098 1300 2144 inferentem:
1333 2103 1532 2144 eoeterum

214 2162 352 2206 omnia
380 2161 558 2208 mutavit
585 2166 757 2221 repente
785 2162 966 2209 consulis
994 2162 1211 2218 adventus,
1236 2177 1331 2208 nam
1363 2167 1407 2208 et
1434 2177 1533 2209 con-

215 2231 364 2288 spectu
399 2226 516 2275 ducis
551 2227 734 2275 resectus
774 2227 956 2276 militum
994 2231 1060 2276 est
1100 2227 1276 2285 animus,
1313 2230 1357 2277 et
1396 2227 1532 2290 majus
