1649 2452
569 103 681 142 LIB.
710 101 833 142 V.111
864 103 925 148 31,
949 104 1010 142 32.
1367 103 1440 142 521

132 157 546 256 uniiiriffiiimmum
534 196 756 254 imperium
787 195 1004 241 dictatoris
1035 196 1091 240 sit
1120 195 1375 266 pareantque
1405 196 1445 240 ei

130 260 497 319 consules—regia
516 264 964 318 potestas-praetores
985 258 1122 304 isdem
1142 257 1337 316 auspiciis
1354 259 1442 316 qui-

131 325 211 370 bus
240 324 432 370 consules
462 325 606 378 creati,
639 340 804 383 aequum
834 339 1006 369 censeas
1032 338 1164 368 necne
1193 322 1443 380 magistrum

130 389 322 447 equitum
343 388 456 434 dicto
477 388 715 433 audientem
736 389 855 433 esse?
887 389 1072 446 itemque
1092 385 1194 431 illud
1214 387 1442 444 interrogo,

130 468 258 510 quum
284 468 352 498 me
377 453 549 498 incertis
577 453 772 511 auspiciis
798 453 1033 510 profectum
1060 450 1111 496 ab
1132 450 1255 495 domo
1280 450 1442 506 scirem,

129 520 274 562 utrum
303 517 406 561 mihi
434 517 616 562 turbatis
646 517 917 575 religionibus
947 531 1014 560 res
1045 514 1211 573 publica
1234 515 1279 558 in
1299 513 1443 558 discri-

128 587 229 626 men·
245 581 547 626 committenda
565 581 693 626 fuerit
721 596 774 624 an
802 581 987 638 auspicia
1014 578 1242 637 repetenda
1269 593 1322 623 ne
1343 578 1444 636 quid

129 645 267 690 dubiis
299 645 369 690 dis
405 647 602 704 agerem?
635 645 758 689 simul
792 645 906 697 illud,
945 659 1038 702 quae
1070 643 1266 689 dictatori
1296 642 1442 701 religio

129 709 426 768 impedimento
447 709 501 754 ad
521 725 607 754 rem
629 709 854 768 gerendam
876 709 1018 762 fuerit,
1041 724 1141 752 num
1171 722 1220 752 ea
1243 707 1443 764 magister

129 775 317 832 equitum
358 773 521 819 solutus
568 789 616 818 ac
661 773 765 818 liber
805 773 994 830 potuerit
1042 788 1133 817 esse
1147 770 1300 816 ?—sed
1342 770 1443 829 quid

129 853 208 897 ego
241 838 331 883 haec
361 839 588 896 interrogo,
621 853 763 896 quum,
794 838 831 881 si
864 852 943 895 ego
973 837 1128 881 tacitus
1159 835 1349 891 abissem,
1379 839 1444 879 ta-

128 918 226 947 men
253 902 332 947 tibi
359 902 412 946 ad
438 902 667 947 voluntatis
694 901 1085 959 interpretationem
1105 915 1208 945 meae
1229 899 1444 957 dirigenda

128 971 205 1011 tua
238 966 448 1012 sententia
481 965 792 1024 fueritz—quin
825 969 876 1010 tu
911 964 1150 1021 respondes,
1182 963 1443 1008 vetuerimne

128 1035 173 1076 te
203 1030 426 1089 quicquam
455 1030 517 1075 rei
550 1045 616 1074 mc
646 1029 819 1074 absente
854 1044 989 1086 agere,
1026 1028 1288 1073 vetuerimne
1323 1027 1444 1085 signa

128 1109 223 1139 cum
257 1094 451 1140 hostibus
486 1095 706 1139 conferre?
758 1108 840 1152 quo
880 1099 930 1137 tu
966 1094 1139 1151 imperio
1174 1107 1267 1137 meo
1300 1096 1442 1150 spreto

128 1159 299 1204 incertis
346 1159 541 1216 auspiciis
577 1158 759 1203 turbatis
805 1157 1076 1216 religionibus
1117 1156 1316 1201 adversus
1356 1170 1443 1200 mo-

127 1239 217 1269 rem
256 1223 479 1269 militarem
509 1223 849 1281 disciplinamque
879 1222 1082 1280 majorum
1114 1229 1157 1266 et
1185 1236 1343 1266 numen
1371 1220 1444 1266 de·

128 1303 247 1332 orum
289 1304 416 1333 ausus
455 1303 500 1333 es
534 1303 631 1332 cum
664 1288 786 1332 hoste
826 1287 1061 1345 confligere.
1121 1285 1191 1330 Ad
1229 1285 1318 1330 haec
1349 1296 1485 1343 quaed·

126 1352 412 1411 iuterrogatus
452 1367 497 1397 es
543 1351 760 1409 responde,
807 1355 851 1395 at
898 1356 1018 1395 extra
1063 1365 1112 1395 ea
1158 1365 1257 1395 cave
1298 1364 1442 1394 vocem

127 1417 285 1461 mittas.
344 1415 524 1468 Accede,
551 1415 715 1460 lictor.”
776 1415 991 1460 Adversus
1016 1414 1180 1473 singula
1200 1429 1291 1473 quae
1313 1429 1440 1472 quum
1457 1424 1520 1471 5,G

127 1479 379 1539 respondere
405 1480 518 1525 haud
543 1480 664 1525 facile
693 1484 817 1533 esset,
850 1483 894 1525 et
922 1494 1035 1524 nunc
1065 1482 1311 1537 quereretur
1340 1493 1442 1522 eun-

127 1546 222 1591 dem
263 1549 545 1591 accusatorem
587 1545 735 1603 capitis
775 1545 841 1590 sui
876 1559 924 1590 ac
958 1544 1141 1602 judicem
1177 1559 1280 1596 esse,
1317 1543 1440 1587 modo

127 1611 258 1656 vitam
291 1610 372 1655 sibi
406 1610 510 1667 eripi
544 1610 669 1654 citius
699 1625 823 1667 quam
852 1609 1027 1668 gloriam
1056 1624 1196 1653 rerum
1225 1611 1440 1666 gestarum

127 1690 251 1734 posse
269 1674 569 1720 vociferaretur
588 1678 870 1732 purgaretque
890 1689 935 1718 se
955 1674 999 1718 in
1019 1674 1151 1718 vicem
1175 1676 1302 1730 atque
1328 1672 1440 1716 ultro

129 1743 358 1793 accusaret,
390 1743 494 1784 tunc
525 1739 719 1796 Papirius
749 1738 1038 1796 redintegrata
1066 1738 1129 1782 ira
1158 1736 1326 1795 spoliari
1354 1752 1441 1780 ma-

127 1805 306 1861 gistrum
340 1804 528 1862 equitum
566 1818 614 1847 ac
644 1803 784 1861 virgas
815 1806 858 1847 et
889 1817 1055 1847 secures
1085 1801 1271 1859 expediri
1294 1801 1437 1858 jussit.

127 1868 283 1913 Fabius
321 1867 443 1912 fidem
486 1867 666 1911 militum
705 1867 930 1943 implorans
964 1866 1245 1911 lacerantibus
1279 1869 1439 1910 vestem
1455 1869 1478 1910 7

127 1932 346 1978 lictoribus
366 1931 420 1977 ad
439 1932 605 1977 triarios
635 1931 865 1976 tumultum
887 1935 977 1989 jam
1004 1933 1049 1975 in
1078 1931 1319 1976 concionem
1340 1930 1440 1975 mis-

128 2000 272 2042 centes
299 2011 392 2042 sese
418 1997 587 2054 recepit.
649 1995 755 2040 Iude
783 1995 937 2040 clamor
966 1996 1010 2040 in
1036 1999 1170 2040 totam
1197 1995 1436 2040 concionem
1452 2001 1475 2037 8

128 2064 194 2105 est
220 2060 432 2119 perlatus:
464 2060 562 2105 alibi
588 2076 732 2118 preces
759 2059 854 2104 alibi
883 2060 1004 2104 minae
1032 2059 1333 2105 audiebantur:
1364 2060 1437 2117 qui

129 2125 306 2181 proximi
339 2125 453 2170 sorte
481 2125 681 2170 tribunali
715 2128 938 2176 steterunt,
970 2124 1068 2182 quia
1096 2123 1276 2182 subjecti
1305 2125 1436 2169 oculis

130 2189 393 2248 imperatoris
412 2190 612 2236 noscitari
630 2194 837 2249 poterant,
858 2190 1033 2235 orabant
1060 2193 1109 2234 ut
1136 2195 1324 2248 parceret
1350 2203 1438 2232 ma-

130 2257 264 2314 gistro
292 2257 480 2315 equitum
515 2271 600 2302 neu
633 2271 729 2302 cum
758 2270 808 2302 eo
837 2255 1067 2302 exercitum
1096 2253 1335 2300 damnaret:
1366 2267 1438 2298 ex-
