1649 2452
212 67 291 104 384
530 64 574 102 T.
598 63 746 102 LIVII
781 60 1198 101 HISTORIARUM
1325 111 1369 151 [A
1398 112 1424 143 c
1451 110 1512 143 382

149 164 192 201 10
217 155 320 202 infer
357 155 634 214 invectusque
673 155 840 200 ordines
879 155 1159 214 pugnantium
1200 151 1395 210 dissipa.”
1457 153 1527 197 Sic

211 236 341 279 eques
369 220 430 266 sic
458 220 586 279 pedes
612 223 661 264 ut
692 224 947 277 praeceperat
977 222 1181 277 pugnant,
1203 231 1282 261 nec
1311 215 1398 261 dux
1425 215 1529 274 legi-

101 285 316 339 (13)0nes
354 299 434 330 nec
466 284 641 328 fortuna
674 283 823 328 fefellit
853 283 1014 329 ducem.
1076 280 1314 327 Multitudo
1342 280 1530 324 hostium

213 349 320 394 nulli
348 348 411 393 rei
429 352 583 407 praeter
611 363 735 406 quam
761 363 935 393 numero
956 348 1065 392 freta
1093 351 1136 392 et
1157 345 1287 391 oculis
1308 347 1530 402 utramque

214 413 393 459 metiens
428 413 558 456 aciem
593 416 751 457 temere
790 412 980 469 proelium
1020 412 1128 465 iniit,
1162 414 1321 455 temere
1359 408 1529 453 omisit:

216 477 395 523 clamore
433 480 601 521 tantum
640 475 951 535 missilibusque
989 475 1086 520 telis
1126 479 1170 520 et
1206 474 1341 533 primo
1379 487 1532 532 pugnae

215 542 378 600 impetu
415 541 535 585 ferox
575 540 736 613 gladios
772 543 815 584 et
855 540 1049 585 collatum
1091 538 1241 597 pedem
1282 542 1326 583 et
1366 537 1532 582 vultum

215 606 352 651 hostis
373 605 521 650 ardore
538 605 666 649 animi
685 605 910 649 micantem
928 605 1038 649 ferre
1057 619 1143 649 non
1161 604 1326 662 potuit:
1354 601 1535 660 impulsa

179 679 203 716 2
217 671 333 715 frons
368 670 504 728 prima
538 673 583 714 et
622 668 848 727 trepidatio
885 668 1082 713 subsidiis
1121 668 1252 713 illata.
1312 667 1370 712 Et
1410 683 1535 711 suum

216 738 421 780 terrorem
442 733 587 778 intulit
616 749 771 791 eques:
801 733 919 791 rupti
943 732 1041 777 inde
1068 732 1212 777 multis
1238 731 1341 776 locis
1368 722 1535 776 ordines

218 802 418 856 motaque
444 798 584 842 omnia
614 801 657 841 et
685 798 931 841 fluctuantis
960 796 1106 841 similis
1137 796 1247 841 acies
1277 799 1394 840 erat:
1425 794 1534 848 dein,

220 865 442 921 postquam
462 861 709 906 cadentibus
730 861 876 919 primis
894 861 980 919 jam
1003 861 1055 905 ad
1085 876 1129 905 se
1161 861 1336 919 quisque
1363 874 1538 918 perven-

180 931 359 973 3tu1am
400 925 556 971 caedem
592 925 802 979 cernebat,
839 930 961 984 terga
1000 928 1186 970 vertunt.
1247 924 1415 969 Instare
1450 923 1538 968 Bo-

220 1006 395 1036 manus:
428 993 484 1043 et,
514 989 646 1034 donec
674 989 825 1034 armati
852 989 1115 1047 confertique
1143 988 1324 1042 abibant,
1348 987 1539 1045 peditum

221 1054 338 1100 labor
358 1054 402 1098 in
425 1052 714 1112 persequendo
742 1053 849 1098 fuit:
881 1060 1102 1111 postquam
1127 1053 1282 1110 jactari
1309 1067 1423 1096 arma
1448 1067 1539 1109 pas·

222 1119 300 1163 sim
332 1118 516 1176 fugaque
547 1133 620 1175 per
652 1133 775 1176 agros
807 1118 949 1176 spargi
980 1118 1109 1162 aciem
1138 1117 1322 1161 hostium
1357 1116 1540 1160 animad-

222 1198 389 1227 versum
410 1186 488 1237 est,
509 1185 601 1226 tum
623 1182 814 1239 equitum
841 1186 991 1226 turmae
1013 1181 1175 1226 emissae
1202 1180 1301 1224 dato
1332 1181 1465 1237 signo,
1487 1195 1541 1224 ne

222 1246 266 1291 in
296 1246 557 1304 singulorum
593 1245 793 1290 morando
829 1245 940 1290 caede
976 1246 1158 1304 spatium
1194 1244 1247 1289 ad
1282 1244 1540 1289 evadendum

223 1311 392 1355 interim
432 1309 693 1354 multitudini
735 1309 909 1354 darent:
953 1310 1055 1354 satis
1096 1325 1187 1353 esse
1229 1308 1454 1353 missilibus
1495 1323 1543 1352 ac

224 1379 389 1419 terrore
409 1373 603 1433 impediri
626 1389 794 1418 cursum
824 1372 1187 1432 obequitandoque
1216 1388 1365 1431 agmen
1394 1372 1541 1425 teneri,

226 1438 324 1483 dum
347 1438 519 1497 adsequi
540 1438 666 1496 pedes
688 1444 730 1482 et
748 1439 865 1497 justa
895 1438 1006 1483 caede
1035 1438 1237 1483 conficere
1266 1437 1427 1481 hostem
1450 1451 1544 1494 pos-

185 1507 304 1548 4set.
367 1503 496 1561 Fugae
533 1502 817 1560 sequendique
857 1518 942 1546 non
978 1508 1075 1547 ante
1115 1508 1281 1546 noctem
1320 1501 1412 1546 finis
1448 1501 1541 1545 suit.

187 1577 210 1613 5
228 1567 364 1625 Capta
393 1583 559 1625 quoque
589 1583 636 1612 ac
665 1567 829 1624 direpta
857 1566 999 1612 eodem
1033 1566 1098 1611 die
1125 1573 1262 1611 castra
1292 1565 1543 1610 vulscorum

227 1631 449 1688 praedaque
485 1632 619 1675 omnis
651 1636 804 1689 praeter
835 1631 964 1676 libera
995 1646 1169 1688 corpora
1199 1630 1320 1674 militi
1350 1645 1544 1674 concessa

187 1701 306 1744 6est.
368 1696 473 1740 Pars
503 1697 684 1740 maxima
714 1696 973 1753 captivorum
1004 1711 1054 1740 ex
1087 1695 1251 1739 Latinis
1283 1700 1408 1752 atque
1439 1695 1547 1737 Her-

229 1760 332 1805 nicis
356 1760 449 1812 fuit,
473 1775 550 1804 nec
571 1760 786 1804 hominum
817 1759 867 1804 de
897 1759 1029 1818 plebe,
1052 1767 1099 1803 ut
1132 1758 1244 1804 credi
1273 1766 1414 1816 posset
1445 1774 1545 1802 mer·

229 1824 329 1870 cede
351 1825 566 1879 militasse,
588 1824 662 1869 sed
695 1825 901 1881 principes
924 1824 1089 1883 qnidam
1107 1823 1346 1881 juventutis
1377 1823 1547 1873 inventi,

230 1888 452 1933 manifesta
488 1888 602 1942 fides,
642 1888 807 1946 publica
844 1904 921 1947 ope
959 1888 1138 1933 Vulscos
1174 1888 1316 1932 hostes
1353 1887 1548 1944 adjutos:

232 1953 531 1997 Circeiensium
563 1968 728 2011 quoque
757 1952 923 2010 quidam
955 1952 1113 2011 cogniti
1143 1957 1186 1996 et
1218 1951 1350 1996 coloni
1382 1967 1406 1995 a
1438 1952 1545 1996 Veli-

230 2018 333 2062 tris:
369 2017 629 2075 Romamque
666 2033 810 2062 omnes
842 2018 956 2062 missi
995 2015 1365 2075 percunctantibus
1402 2017 1546 2073 primo-

231 2081 347 2126 ribus
389 2087 555 2139 patrum
597 2081 741 2126 eadem
783 2098 875 2139 quae
917 2080 1447 2126 dictatori—desectionem
1486 2080 1548 2124 sui

233 2147 407 2205 quisquc
429 2146 740 2204 populi—haud
762 2146 955 2204 perplexe
977 2145 1221 2190 indicavere.

120 2217 216 2271 (14)
291 2212 487 2257 Dictator
508 2212 737 2256 exercitum
760 2212 804 2257 in
824 2211 989 2257 stativis
1011 2210 1180 2256 tenebat
1202 2210 1372 2256 mininie
1401 2209 1551 2255 dubius
