<?xml version="1.0" encoding="UTF-8"?>
<!DOCTYPE html PUBLIC "-//W3C//DTD XHTML 1.0 Transitional//EN"
    "http://www.w3.org/TR/xhtml1/DTD/xhtml1-transitional.dtd">
<html xmlns="http://www.w3.org/1999/xhtml" xml:lang="en" lang="en">
 <head>
  <title>
</title>
<meta http-equiv="Content-Type" content="text/html;charset=utf-8" />
  <meta name='ocr-system' content='tesseract 3.04.00' />
  <meta name='ocr-capabilities' content='ocr_page ocr_carea ocr_par ocr_line ocrx_word'/>
</head>
<body>
  <div class='ocr_page' id='page_1' title='image "./historiarum00livyuoft_0194.png"; bbox 0 0 1649 2452; ppageno 0'>
   <div class='ocr_carea' id='block_1_1' title="bbox 257 117 1562 211">
    <p class='ocr_par' dir='ltr' id='par_1_1' title="bbox 257 117 1562 211">
     <span class='ocr_line' id='line_1_1' title="bbox 257 117 1562 211; baseline 0.002 -55"><span class='ocrx_word' id='word_1_1' title='bbox 257 119 337 156; x_wconf 79' lang='lat'><strong>544</strong></span> <span class='ocrx_word' id='word_1_2' title='bbox 576 118 624 157; x_wconf 89' lang='lat' dir='ltr'><strong>T.</strong></span> <span class='ocrx_word' id='word_1_3' title='bbox 649 117 800 157; x_wconf 88' lang='lat' dir='ltr'>LIVII</span> <span class='ocrx_word' id='word_1_4' title='bbox 832 117 1250 158; x_wconf 88' lang='lat' dir='ltr'><strong>HISTORIARUM</strong></span> <span class='ocrx_word' id='word_1_5' title='bbox 1374 172 1420 211; x_wconf 66' lang='lat' dir='ltr'><strong>[A</strong></span> <span class='ocrx_word' id='word_1_6' title='bbox 1449 173 1475 205; x_wconf 68' lang='lat' dir='ltr'><strong>c</strong></span> <span class='ocrx_word' id='word_1_7' title='bbox 1502 173 1562 206; x_wconf 71' lang='lat'><strong>818</strong></span> 
     </span>
    </p>
   </div>
   <div class='ocr_carea' id='block_1_2' title="bbox 164 210 1608 2263">
    <p class='ocr_par' dir='ltr' id='par_1_2' title="bbox 164 210 1608 2263">
     <span class='ocr_line' id='line_1_2' title="bbox 256 210 1608 273; baseline 0.002 -18"><span class='ocrx_word' id='word_1_8' title='bbox 256 210 467 255; x_wconf 84' lang='lat' dir='ltr'><strong>deditione</strong></span> <span class='ocrx_word' id='word_1_9' title='bbox 498 226 586 264; x_wconf 83' lang='lat' dir='ltr'><strong>sua,</strong></span> <span class='ocrx_word' id='word_1_10' title='bbox 609 211 691 255; x_wconf 89' lang='lat' dir='ltr'><strong>nisi</strong></span> <span class='ocrx_word' id='word_1_11' title='bbox 722 211 862 255; x_wconf 84' lang='lat' dir='ltr'><strong>omnia</strong></span> <span class='ocrx_word' id='word_1_12' title='bbox 889 212 1146 258; x_wconf 82' lang='lat' dir='ltr'><strong>Samnitibus</strong></span> <span class='ocrx_word' id='word_1_13' title='bbox 1169 211 1307 271; x_wconf 75' lang='lat' dir='ltr'><strong>qualia</strong></span> <span class='ocrx_word' id='word_1_14' title='bbox 1337 212 1449 270; x_wconf 85' lang='lat' dir='ltr'><strong>apud</strong></span> <span class='ocrx_word' id='word_1_15' title='bbox 1468 213 1578 258; x_wconf 76' lang='lat' dir='ltr'><strong>Can·</strong></span> <span class='ocrx_word' id='word_1_16' title='bbox 1602 269 1608 273; x_wconf 31' lang='grc' dir='ltr'>Ι</span> 
     </span>
     <span class='ocr_line' id='line_1_3' title="bbox 256 271 1578 335; baseline 0.003 -17"><span class='ocrx_word' id='word_1_17' title='bbox 256 274 370 318; x_wconf 81' lang='lat' dir='ltr'><strong>dium</strong></span> <span class='ocrx_word' id='word_1_18' title='bbox 390 275 570 319; x_wconf 85' lang='lat' dir='ltr'><strong>fuissent</strong></span> <span class='ocrx_word' id='word_1_19' title='bbox 591 275 930 331; x_wconf 72' lang='lat' dir='ltr'><strong>restituerentur,</strong></span> <span class='ocrx_word' id='word_1_20' title='bbox 945 292 1081 334; x_wconf 87' lang='lat' dir='ltr'><strong>neque</strong></span> <span class='ocrx_word' id='word_1_21' title='bbox 1102 292 1147 321; x_wconf 89' lang='lat' dir='ltr'><strong>se</strong></span> <span class='ocrx_word' id='word_1_22' title='bbox 1168 291 1243 334; x_wconf 92' lang='lat' dir='ltr'><strong>pro</strong></span> <span class='ocrx_word' id='word_1_23' title='bbox 1257 271 1436 334; x_wconf 88' lang='lat' dir='ltr'><strong>eoquod</strong></span> <span class='ocrx_word' id='word_1_24' title='bbox 1455 292 1578 335; x_wconf 91' lang='lat' dir='ltr'><strong>spon-</strong></span> 
     </span>
     <span class='ocr_line' id='line_1_4' title="bbox 257 338 1579 400; baseline 0.002 -18"><span class='ocrx_word' id='word_1_25' title='bbox 257 338 391 383; x_wconf 92' lang='lat' dir='ltr'><strong>dendo</strong></span> <span class='ocrx_word' id='word_1_26' title='bbox 416 354 559 396; x_wconf 81' lang='lat' dir='ltr'><strong>paoem</strong></span> <span class='ocrx_word' id='word_1_27' title='bbox 587 339 826 383; x_wconf 69' lang='lat' dir='ltr'><strong>servassent</strong></span> <span class='ocrx_word' id='word_1_28' title='bbox 853 341 1085 385; x_wconf 83' lang='lat' dir='ltr'><strong>exereitum</strong></span> <span class='ocrx_word' id='word_1_29' title='bbox 1112 340 1256 398; x_wconf 87' lang='lat' dir='ltr'><strong>populi</strong></span> <span class='ocrx_word' id='word_1_30' title='bbox 1284 340 1468 386; x_wconf 87' lang='lat' dir='ltr'><strong>Romani</strong></span> <span class='ocrx_word' id='word_1_31' title='bbox 1491 355 1579 400; x_wconf 90' lang='lat' dir='ltr'><strong>poe-</strong></span> 
     </span>
     <span class='ocr_line' id='line_1_5' title="bbox 255 402 1575 462; baseline 0.003 -16"><span class='ocrx_word' id='word_1_32' title='bbox 255 418 353 446; x_wconf 91' lang='lat' dir='ltr'><strong>nam</strong></span> <span class='ocrx_word' id='word_1_33' title='bbox 391 402 519 446; x_wconf 87' lang='lat' dir='ltr'><strong>ullam</strong></span> <span class='ocrx_word' id='word_1_34' title='bbox 558 403 730 447; x_wconf 88' lang='lat' dir='ltr'><strong>meritos</strong></span> <span class='ocrx_word' id='word_1_35' title='bbox 772 418 875 456; x_wconf 91' lang='lat' dir='ltr'><strong>esse,</strong></span> <span class='ocrx_word' id='word_1_36' title='bbox 907 419 1043 462; x_wconf 91' lang='lat' dir='ltr'><strong>neque</strong></span> <span class='ocrx_word' id='word_1_37' title='bbox 1084 404 1137 448; x_wconf 92' lang='lat' dir='ltr'><strong>ad</strong></span> <span class='ocrx_word' id='word_1_38' title='bbox 1176 407 1410 448; x_wconf 77' lang='lat' dir='ltr'><strong>extremm</strong></span> <span class='ocrx_word' id='word_1_39' title='bbox 1445 420 1575 462; x_wconf 86' lang='lat' dir='ltr'><strong>quum</strong></span> 
     </span>
     <span class='ocr_line' id='line_1_6' title="bbox 164 466 1575 525; baseline 0.002 -15"><span class='ocrx_word' id='word_1_40' title='bbox 164 466 240 518; x_wconf 90' lang='grc'><strong>(9)</strong></span> <span class='ocrx_word' id='word_1_41' title='bbox 258 467 511 511; x_wconf 87' lang='lat' dir='ltr'><strong>sacrosancti</strong></span> <span class='ocrx_word' id='word_1_42' title='bbox 542 473 683 510; x_wconf 87' lang='lat' dir='ltr'><strong>essent</strong></span> <span class='ocrx_word' id='word_1_43' title='bbox 705 466 800 511; x_wconf 80' lang='lat' dir='ltr'><strong>dedi</strong></span> <span class='ocrx_word' id='word_1_44' title='bbox 829 466 1022 512; x_wconf 84' lang='lat' dir='ltr'><strong>hostibus</strong></span> <span class='ocrx_word' id='word_1_45' title='bbox 1042 468 1241 512; x_wconf 83' lang='lat' dir='ltr'><strong>violarive</strong></span> <span class='ocrx_word' id='word_1_46' title='bbox 1272 483 1407 525; x_wconf 88' lang='lat' dir='ltr'><strong>posse.</strong></span> <span class='ocrx_word' id='word_1_47' title='bbox 1465 467 1575 513; x_wconf 84' lang='lat' dir='ltr'><strong>Tum</strong></span> 
     </span>
     <span class='ocr_line' id='line_1_7' title="bbox 255 530 1576 589; baseline 0.002 -14"><span class='ocrx_word' id='word_1_48' title='bbox 255 530 499 575; x_wconf 85' lang='lat' dir='ltr'><strong>Postumius</strong></span> <span class='ocrx_word' id='word_1_49' title='bbox 532 530 726 574; x_wconf 86' lang='lat' dir='ltr'><strong>“Dedite</strong></span> <span class='ocrx_word' id='word_1_50' title='bbox 763 530 934 584; x_wconf 87' lang='lat' dir='ltr'><strong>interea,</strong></span> <span class='ocrx_word' id='word_1_51' title='bbox 967 531 1135 576; x_wconf 86' lang='lat' dir='ltr'><strong>dedite&#39;’</strong></span> <span class='ocrx_word' id='word_1_52' title='bbox 1167 531 1305 589; x_wconf 88' lang='lat' dir='ltr'><strong>inquit</strong></span> <span class='ocrx_word' id='word_1_53' title='bbox 1338 531 1576 588; x_wconf 83' lang='lat' dir='ltr'><strong>“profanos</strong></span> 
     </span>
     <span class='ocr_line' id='line_1_8' title="bbox 255 593 1576 652; baseline 0.002 -14"><span class='ocrx_word' id='word_1_54' title='bbox 255 609 344 649; x_wconf 89' lang='lat' dir='ltr'><strong>nos,</strong></span> <span class='ocrx_word' id='word_1_55' title='bbox 380 593 493 652; x_wconf 91' lang='lat' dir='ltr'><strong>quod</strong></span> <span class='ocrx_word' id='word_1_56' title='bbox 528 594 644 638; x_wconf 83' lang='lat' dir='ltr'><strong>salva</strong></span> <span class='ocrx_word' id='word_1_57' title='bbox 675 593 878 652; x_wconf 85' lang='lat' dir='ltr'><strong>religione</strong></span> <span class='ocrx_word' id='word_1_58' title='bbox 912 595 1115 652; x_wconf 85' lang='lat' dir='ltr'><strong>potestis:</strong></span> <span class='ocrx_word' id='word_1_59' title='bbox 1149 595 1311 639; x_wconf 89' lang='lat' dir='ltr'><strong>dedetis</strong></span> <span class='ocrx_word' id='word_1_60' title='bbox 1348 594 1496 640; x_wconf 87' lang='lat' dir='ltr'><strong>deinde</strong></span> <span class='ocrx_word' id='word_1_61' title='bbox 1531 600 1576 641; x_wconf 87' lang='lat' dir='ltr'><strong>et</strong></span> 
     </span>
     <span class='ocr_line' id='line_1_9' title="bbox 254 659 1575 717; baseline 0.002 -15"><span class='ocrx_word' id='word_1_62' title='bbox 254 659 358 702; x_wconf 83' lang='lat' dir='ltr'><strong>istos</strong></span> <span class='ocrx_word' id='word_1_63' title='bbox 391 662 679 703; x_wconf 88' lang='lat' dir='ltr'><strong>sacrosanctos</strong></span> <span class='ocrx_word' id='word_1_64' title='bbox 711 674 840 716; x_wconf 92' lang='lat' dir='ltr'><strong>quum</strong></span> <span class='ocrx_word' id='word_1_65' title='bbox 870 659 1052 716; x_wconf 89' lang='lat' dir='ltr'><strong>primum</strong></span> <span class='ocrx_word' id='word_1_66' title='bbox 1091 659 1344 717; x_wconf 85' lang='lat' dir='ltr'><strong>magistratu</strong></span> <span class='ocrx_word' id='word_1_67' title='bbox 1384 659 1575 716; x_wconf 82' lang='lat' dir='ltr'><strong>abierint,</strong></span> 
     </span>
     <span class='ocr_line' id='line_1_10' title="bbox 255 722 1575 781; baseline 0.002 -15"><span class='ocrx_word' id='word_1_68' title='bbox 255 722 340 777; x_wconf 91' lang='lat' dir='ltr'><strong>sed,</strong></span> <span class='ocrx_word' id='word_1_69' title='bbox 361 723 397 766; x_wconf 90' lang='lat' dir='ltr'><strong>si</strong></span> <span class='ocrx_word' id='word_1_70' title='bbox 417 737 484 767; x_wconf 92' lang='lat' dir='ltr'><strong>me</strong></span> <span class='ocrx_word' id='word_1_71' title='bbox 513 722 709 777; x_wconf 87' lang='lat' dir='ltr'><strong>audiatis,</strong></span> <span class='ocrx_word' id='word_1_72' title='bbox 730 723 974 781; x_wconf 86' lang='lat' dir='ltr'><strong>priusquam</strong></span> <span class='ocrx_word' id='word_1_73' title='bbox 1002 723 1211 768; x_wconf 84' lang='lat' dir='ltr'><strong>dedantur</strong></span> <span class='ocrx_word' id='word_1_74' title='bbox 1238 723 1308 768; x_wconf 84' lang='lat' dir='ltr'><strong>hic</strong></span> <span class='ocrx_word' id='word_1_75' title='bbox 1334 724 1381 768; x_wconf 91' lang='lat' dir='ltr'><strong>in</strong></span> <span class='ocrx_word' id='word_1_76' title='bbox 1406 725 1575 769; x_wconf 86' lang='lat' dir='ltr'><strong>comitio</strong></span> 
     </span>
     <span class='ocr_line' id='line_1_11' title="bbox 255 786 1574 845; baseline 0.002 -15"><span class='ocrx_word' id='word_1_77' title='bbox 255 786 383 844; x_wconf 86' lang='lat' dir='ltr'><strong>virgis</strong></span> <span class='ocrx_word' id='word_1_78' title='bbox 414 801 555 839; x_wconf 84' lang='lat' dir='ltr'><strong>eaesos,</strong></span> <span class='ocrx_word' id='word_1_79' title='bbox 588 787 696 831; x_wconf 89' lang='lat' dir='ltr'><strong>hane</strong></span> <span class='ocrx_word' id='word_1_80' title='bbox 723 787 810 845; x_wconf 86' lang='lat' dir='ltr'><strong>jam</strong></span> <span class='ocrx_word' id='word_1_81' title='bbox 849 791 899 831; x_wconf 89' lang='lat' dir='ltr'><strong>ut</strong></span> <span class='ocrx_word' id='word_1_82' title='bbox 928 787 1186 833; x_wconf 75' lang='lat' dir='ltr'><strong>intercalatae</strong></span> <span class='ocrx_word' id='word_1_83' title='bbox 1227 802 1361 845; x_wconf 88' lang='lat' dir='ltr'><strong>poenae</strong></span> <span class='ocrx_word' id='word_1_84' title='bbox 1402 803 1574 833; x_wconf 88' lang='lat' dir='ltr'><strong>usuram</strong></span> 
     </span>
     <span class='ocr_line' id='line_1_12' title="bbox 217 850 1574 910; baseline 0.001 -14"><span class='ocrx_word' id='word_1_85' title='bbox 217 859 240 896; x_wconf 88' lang='lat'>2</span> <span class='ocrx_word' id='word_1_86' title='bbox 255 850 448 895; x_wconf 85' lang='lat' dir='ltr'><strong>habeant.</strong></span> <span class='ocrx_word' id='word_1_87' title='bbox 507 851 620 895; x_wconf 84' lang='lat' dir='ltr'><strong>Nam</strong></span> <span class='ocrx_word' id='word_1_88' title='bbox 651 851 762 910; x_wconf 87' lang='lat' dir='ltr'><strong>quod</strong></span> <span class='ocrx_word' id='word_1_89' title='bbox 792 851 1003 897; x_wconf 88' lang='lat' dir='ltr'><strong>deditione</strong></span> <span class='ocrx_word' id='word_1_90' title='bbox 1032 856 1178 896; x_wconf 84' lang='lat' dir='ltr'><strong>nostra</strong></span> <span class='ocrx_word' id='word_1_91' title='bbox 1216 854 1374 910; x_wconf 85' lang='lat' dir='ltr'><strong>negant</strong></span> <span class='ocrx_word' id='word_1_92' title='bbox 1414 852 1574 898; x_wconf 85' lang='lat' dir='ltr'><strong>exsolvi</strong></span> 
     </span>
     <span class='ocr_line' id='line_1_13' title="bbox 254 914 1574 975; baseline 0.002 -17"><span class='ocrx_word' id='word_1_93' title='bbox 254 915 455 972; x_wconf 84' lang='lat' dir='ltr'><strong>religione</strong></span> <span class='ocrx_word' id='word_1_94' title='bbox 490 915 705 973; x_wconf 88' lang='lat' dir='ltr'><strong>populum,</strong></span> <span class='ocrx_word' id='word_1_95' title='bbox 739 914 784 959; x_wconf 92' lang='lat' dir='ltr'><strong>id</strong></span> <span class='ocrx_word' id='word_1_96' title='bbox 817 916 922 960; x_wconf 90' lang='lat' dir='ltr'><strong>istos</strong></span> <span class='ocrx_word' id='word_1_97' title='bbox 953 917 1099 975; x_wconf 85' lang='lat' dir='ltr'><strong>magis,</strong></span> <span class='ocrx_word' id='word_1_98' title='bbox 1129 931 1182 960; x_wconf 92' lang='lat' dir='ltr'><strong>ne</strong></span> <span class='ocrx_word' id='word_1_99' title='bbox 1212 915 1420 960; x_wconf 85' lang='lat' dir='ltr'><strong>dedantur</strong></span> <span class='ocrx_word' id='word_1_100' title='bbox 1449 931 1574 974; x_wconf 84' lang='lat' dir='ltr'><strong>quam</strong></span> 
     </span>
     <span class='ocr_line' id='line_1_14' title="bbox 255 979 1578 1038; baseline 0.002 -16"><span class='ocrx_word' id='word_1_101' title='bbox 255 979 353 1036; x_wconf 81' lang='lat' dir='ltr'><strong>quia</strong></span> <span class='ocrx_word' id='word_1_102' title='bbox 372 979 434 1022; x_wconf 85' lang='lat' dir='ltr'><strong>ita</strong></span> <span class='ocrx_word' id='word_1_103' title='bbox 461 994 506 1023; x_wconf 90' lang='lat' dir='ltr'><strong>se</strong></span> <span class='ocrx_word' id='word_1_104' title='bbox 536 995 603 1024; x_wconf 90' lang='lat' dir='ltr'><strong>res</strong></span> <span class='ocrx_word' id='word_1_105' title='bbox 632 979 796 1034; x_wconf 84' lang='lat' dir='ltr'><strong>habeat,</strong></span> <span class='ocrx_word' id='word_1_106' title='bbox 818 979 966 1035; x_wconf 87' lang='lat' dir='ltr'><strong>dicere,</strong></span> <span class='ocrx_word' id='word_1_107' title='bbox 989 981 1081 1038; x_wconf 91' lang='lat' dir='ltr'><strong>quis</strong></span> <span class='ocrx_word' id='word_1_108' title='bbox 1110 980 1212 1024; x_wconf 85' lang='lat' dir='ltr'><strong>adeo</strong></span> <span class='ocrx_word' id='word_1_109' title='bbox 1235 980 1342 1037; x_wconf 86' lang='lat' dir='ltr'><strong>juris</strong></span> <span class='ocrx_word' id='word_1_110' title='bbox 1369 979 1578 1025; x_wconf 80' lang='lat' dir='ltr'><strong>fetialium·</strong></span> 
     </span>
     <span class='ocr_line' id='line_1_15' title="bbox 253 1043 1571 1103; baseline 0.001 -16"><span class='ocrx_word' id='word_1_111' title='bbox 253 1059 405 1100; x_wconf 77' lang='lat' dir='ltr'><strong>expers</strong></span> <span class='ocrx_word' id='word_1_112' title='bbox 436 1047 502 1087; x_wconf 85' lang='lat' dir='ltr'><strong>est</strong></span> <span class='ocrx_word' id='word_1_113' title='bbox 533 1043 605 1101; x_wconf 89' lang='lat' dir='ltr'><strong>qui</strong></span> <span class='ocrx_word' id='word_1_114' title='bbox 634 1043 859 1101; x_wconf 59' lang='lat' dir='ltr'><strong>ignoret-L</strong></span> <span class='ocrx_word' id='word_1_115' title='bbox 872 1060 1008 1102; x_wconf 89' lang='lat' dir='ltr'><strong>neque</strong></span> <span class='ocrx_word' id='word_1_116' title='bbox 1039 1060 1117 1103; x_wconf 88' lang='lat' dir='ltr'><strong>ego</strong></span> <span class='ocrx_word' id='word_1_117' title='bbox 1147 1044 1302 1088; x_wconf 83' lang='lat' dir='ltr'><strong>infitias</strong></span> <span class='ocrx_word' id='word_1_118' title='bbox 1333 1059 1395 1097; x_wconf 89' lang='lat' dir='ltr'><strong>eo,</strong></span> <span class='ocrx_word' id='word_1_119' title='bbox 1427 1047 1571 1101; x_wconf 71' lang='lat' dir='ltr'><strong>patres</strong></span> 
     </span>
     <span class='ocr_line' id='line_1_16' title="bbox 254 1107 1573 1167; baseline 0.001 -16"><span class='ocrx_word' id='word_1_120' title='bbox 254 1107 491 1166; x_wconf 86' lang='lat' dir='ltr'><strong>conscripti,</strong></span> <span class='ocrx_word' id='word_1_121' title='bbox 512 1110 599 1152; x_wconf 83' lang='lat' dir='ltr'><strong>tam</strong></span> <span class='ocrx_word' id='word_1_122' title='bbox 622 1123 844 1166; x_wconf 86' lang='lat' dir='ltr'><strong>sponsores</strong></span> <span class='ocrx_word' id='word_1_123' title='bbox 867 1124 990 1167; x_wconf 86' lang='lat' dir='ltr'><strong>quam</strong></span> <span class='ocrx_word' id='word_1_124' title='bbox 1005 1108 1164 1153; x_wconf 85' lang='lat' dir='ltr'><strong>foedera</strong></span> <span class='ocrx_word' id='word_1_125' title='bbox 1184 1112 1329 1153; x_wconf 87' lang='lat' dir='ltr'><strong>saneta</strong></span> <span class='ocrx_word' id='word_1_126' title='bbox 1348 1123 1441 1152; x_wconf 89' lang='lat' dir='ltr'><strong>esse</strong></span> <span class='ocrx_word' id='word_1_127' title='bbox 1461 1107 1573 1165; x_wconf 89' lang='lat' dir='ltr'><strong>apud</strong></span> 
     </span>
     <span class='ocr_line' id='line_1_17' title="bbox 253 1171 1571 1231; baseline 0.001 -15"><span class='ocrx_word' id='word_1_128' title='bbox 253 1186 324 1216; x_wconf 89' lang='lat' dir='ltr'><strong>eos</strong></span> <span class='ocrx_word' id='word_1_129' title='bbox 354 1171 556 1225; x_wconf 90' lang='lat' dir='ltr'><strong>homines,</strong></span> <span class='ocrx_word' id='word_1_130' title='bbox 589 1171 701 1230; x_wconf 86' lang='lat' dir='ltr'><strong>apud</strong></span> <span class='ocrx_word' id='word_1_131' title='bbox 733 1187 836 1231; x_wconf 89' lang='lat' dir='ltr'><strong>quos</strong></span> <span class='ocrx_word' id='word_1_132' title='bbox 860 1176 989 1230; x_wconf 76' lang='lat' dir='ltr'><strong>juxta</strong></span> <span class='ocrx_word' id='word_1_133' title='bbox 1023 1172 1183 1217; x_wconf 68' lang='lat' dir='ltr'><strong>divinas</strong></span> <span class='ocrx_word' id='word_1_134' title='bbox 1213 1172 1438 1229; x_wconf 85' lang='lat' dir='ltr'><strong>religiones</strong></span> <span class='ocrx_word' id='word_1_135' title='bbox 1467 1171 1571 1218; x_wconf 55' lang='lat' dir='ltr'><strong>fides</strong></span> 
     </span>
     <span class='ocr_line' id='line_1_18' title="bbox 252 1235 1572 1295; baseline 0.001 -15"><span class='ocrx_word' id='word_1_136' title='bbox 252 1235 434 1280; x_wconf 83' lang='lat' dir='ltr'><strong>humana</strong></span> <span class='ocrx_word' id='word_1_137' title='bbox 462 1236 626 1291; x_wconf 81' lang='lat' dir='ltr'><strong>colitur,</strong></span> <span class='ocrx_word' id='word_1_138' title='bbox 648 1236 723 1281; x_wconf 89' lang='lat' dir='ltr'><strong>sed</strong></span> <span class='ocrx_word' id='word_1_139' title='bbox 743 1237 909 1295; x_wconf 89' lang='lat' dir='ltr'><strong>injussu</strong></span> <span class='ocrx_word' id='word_1_140' title='bbox 936 1237 1079 1295; x_wconf 89' lang='lat' dir='ltr'><strong>populi</strong></span> <span class='ocrx_word' id='word_1_141' title='bbox 1098 1251 1207 1295; x_wconf 91' lang='lat' dir='ltr'><strong>nego</strong></span> <span class='ocrx_word' id='word_1_142' title='bbox 1229 1237 1448 1295; x_wconf 79' lang='lat' dir='ltr'><strong>quiequam</strong></span> <span class='ocrx_word' id='word_1_143' title='bbox 1478 1251 1572 1281; x_wconf 86' lang='lat' dir='ltr'><strong>san-</strong></span> 
     </span>
     <span class='ocr_line' id='line_1_19' title="bbox 214 1299 1572 1359; baseline 0 -14"><span class='ocrx_word' id='word_1_144' title='bbox 214 1313 237 1349; x_wconf 90' lang='lat'><strong>3</strong></span> <span class='ocrx_word' id='word_1_145' title='bbox 253 1301 327 1345; x_wconf 84' lang='lat' dir='ltr'><strong>ciri</strong></span> <span class='ocrx_word' id='word_1_146' title='bbox 354 1316 477 1358; x_wconf 91' lang='lat' dir='ltr'><strong>posse</strong></span> <span class='ocrx_word' id='word_1_147' title='bbox 501 1301 614 1359; x_wconf 87' lang='lat' dir='ltr'><strong>quod</strong></span> <span class='ocrx_word' id='word_1_148' title='bbox 640 1301 841 1358; x_wconf 88' lang='lat' dir='ltr'><strong>populum</strong></span> <span class='ocrx_word' id='word_1_149' title='bbox 871 1306 1026 1346; x_wconf 84' lang='lat' dir='ltr'><strong>teneat.</strong></span> <span class='ocrx_word' id='word_1_150' title='bbox 1087 1302 1169 1354; x_wconf 89' lang='lat' dir='ltr'><strong>An,</strong></span> <span class='ocrx_word' id='word_1_151' title='bbox 1192 1301 1228 1345; x_wconf 88' lang='lat' dir='ltr'><strong>si</strong></span> <span class='ocrx_word' id='word_1_152' title='bbox 1255 1299 1400 1346; x_wconf 91' lang='lat' dir='ltr'><strong>eadem</strong></span> <span class='ocrx_word' id='word_1_153' title='bbox 1427 1316 1572 1358; x_wconf 88' lang='lat' dir='ltr'><strong>super-</strong></span> 
     </span>
     <span class='ocr_line' id='line_1_20' title="bbox 251 1364 1568 1423; baseline 0.002 -14"><span class='ocrx_word' id='word_1_154' title='bbox 251 1365 330 1419; x_wconf 83' lang='lat' dir='ltr'><strong>bia,</strong></span> <span class='ocrx_word' id='word_1_155' title='bbox 350 1380 432 1423; x_wconf 86' lang='lat' dir='ltr'><strong>qna</strong></span> <span class='ocrx_word' id='word_1_156' title='bbox 452 1365 720 1422; x_wconf 90' lang='lat' dir='ltr'><strong>sponsionem</strong></span> <span class='ocrx_word' id='word_1_157' title='bbox 739 1365 866 1410; x_wconf 86' lang='lat' dir='ltr'><strong>istam</strong></span> <span class='ocrx_word' id='word_1_158' title='bbox 887 1369 1183 1423; x_wconf 80' lang='lat' dir='ltr'><strong>expresserunt</strong></span> <span class='ocrx_word' id='word_1_159' title='bbox 1204 1364 1324 1410; x_wconf 89' lang='lat' dir='ltr'><strong>nobis</strong></span> <span class='ocrx_word' id='word_1_160' title='bbox 1347 1365 1568 1419; x_wconf 74' lang='lat' dir='ltr'><strong>SamniteS,</strong></span> 
     </span>
     <span class='ocr_line' id='line_1_21' title="bbox 250 1429 1572 1488; baseline -0.001 -13"><span class='ocrx_word' id='word_1_161' title='bbox 250 1430 488 1488; x_wconf 85' lang='lat' dir='ltr'><strong>coegissent</strong></span> <span class='ocrx_word' id='word_1_162' title='bbox 515 1445 592 1474; x_wconf 91' lang='lat' dir='ltr'><strong>nos</strong></span> <span class='ocrx_word' id='word_1_163' title='bbox 612 1429 740 1474; x_wconf 76' lang='lat' dir='ltr'><strong>verba</strong></span> <span class='ocrx_word' id='word_1_164' title='bbox 766 1429 956 1488; x_wconf 85' lang='lat' dir='ltr'><strong>legitima</strong></span> <span class='ocrx_word' id='word_1_165' title='bbox 983 1429 1224 1475; x_wconf 86' lang='lat' dir='ltr'><strong>dedentium</strong></span> <span class='ocrx_word' id='word_1_166' title='bbox 1254 1430 1380 1475; x_wconf 88' lang='lat' dir='ltr'><strong>urbes</strong></span> <span class='ocrx_word' id='word_1_167' title='bbox 1409 1444 1572 1475; x_wconf 89' lang='lat' dir='ltr'><strong>nuneu-</strong></span> 
     </span>
     <span class='ocr_line' id='line_1_22' title="bbox 250 1493 1569 1552; baseline 0.001 -14"><span class='ocrx_word' id='word_1_168' title='bbox 250 1509 361 1552; x_wconf 82' lang='lat' dir='ltr'><strong>pare,</strong></span> <span class='ocrx_word' id='word_1_169' title='bbox 383 1493 571 1539; x_wconf 88' lang='lat' dir='ltr'><strong>deditum</strong></span> <span class='ocrx_word' id='word_1_170' title='bbox 591 1493 792 1552; x_wconf 76' lang='lat' dir='ltr'><strong>populum</strong></span> <span class='ocrx_word' id='word_1_171' title='bbox 815 1495 1055 1538; x_wconf 85' lang='lat' dir='ltr'><strong>Romanum</strong></span> <span class='ocrx_word' id='word_1_172' title='bbox 1070 1509 1160 1548; x_wconf 89' lang='lat' dir='ltr'><strong>vos,</strong></span> <span class='ocrx_word' id='word_1_173' title='bbox 1183 1494 1355 1547; x_wconf 89' lang='lat' dir='ltr'><strong>tribuni,</strong></span> <span class='ocrx_word' id='word_1_174' title='bbox 1374 1493 1569 1539; x_wconf 82' lang='lat' dir='ltr'><strong>diceretis</strong></span> 
     </span>
     <span class='ocr_line' id='line_1_23' title="bbox 251 1558 1568 1618; baseline 0.001 -16"><span class='ocrx_word' id='word_1_175' title='bbox 251 1562 294 1602; x_wconf 89' lang='lat' dir='ltr'><strong>et</strong></span> <span class='ocrx_word' id='word_1_176' title='bbox 324 1559 431 1603; x_wconf 88' lang='lat' dir='ltr'><strong>hane</strong></span> <span class='ocrx_word' id='word_1_177' title='bbox 461 1558 607 1603; x_wconf 90' lang='lat' dir='ltr'><strong>urbem</strong></span> <span class='ocrx_word' id='word_1_178' title='bbox 635 1558 793 1616; x_wconf 83' lang='lat' dir='ltr'><strong>templa</strong></span> <span class='ocrx_word' id='word_1_179' title='bbox 823 1558 996 1603; x_wconf 84' lang='lat' dir='ltr'><strong>delubra</strong></span> <span class='ocrx_word' id='word_1_180' title='bbox 1024 1559 1127 1603; x_wconf 89' lang='lat' dir='ltr'><strong>fines</strong></span> <span class='ocrx_word' id='word_1_181' title='bbox 1158 1574 1287 1618; x_wconf 77' lang='lat' dir='ltr'><strong>aquas</strong></span> <span class='ocrx_word' id='word_1_182' title='bbox 1319 1559 1568 1604; x_wconf 80' lang='lat' dir='ltr'><strong>Samnitium</strong></span> 
     </span>
     <span class='ocr_line' id='line_1_24' title="bbox 251 1622 1567 1682; baseline 0.001 -15"><span class='ocrx_word' id='word_1_183' title='bbox 251 1624 375 1667; x_wconf 81' lang='lat' dir='ltr'><strong>esse?</strong></span> <span class='ocrx_word' id='word_1_184' title='bbox 406 1623 557 1667; x_wconf 83' lang='lat' dir='ltr'><strong>omitto</strong></span> <span class='ocrx_word' id='word_1_185' title='bbox 579 1622 846 1677; x_wconf 88' lang='lat' dir='ltr'><strong>deditionem,</strong></span> <span class='ocrx_word' id='word_1_186' title='bbox 871 1624 1065 1681; x_wconf 85' lang='lat' dir='ltr'><strong>quoniam</strong></span> <span class='ocrx_word' id='word_1_187' title='bbox 1087 1623 1138 1668; x_wconf 90' lang='lat' dir='ltr'><strong>de</strong></span> <span class='ocrx_word' id='word_1_188' title='bbox 1165 1623 1387 1681; x_wconf 88' lang='lat' dir='ltr'><strong>sponsione</strong></span> <span class='ocrx_word' id='word_1_189' title='bbox 1415 1623 1567 1682; x_wconf 85' lang='lat' dir='ltr'><strong>agitur.</strong></span> 
     </span>
     <span class='ocr_line' id='line_1_25' title="bbox 211 1687 1568 1745; baseline 0.001 -13"><span class='ocrx_word' id='word_1_190' title='bbox 211 1687 368 1735; x_wconf 81' lang='lat' dir='ltr'><strong>4Quid</strong></span> <span class='ocrx_word' id='word_1_191' title='bbox 405 1687 587 1741; x_wconf 84' lang='lat' dir='ltr'><strong>tandem,</strong></span> <span class='ocrx_word' id='word_1_192' title='bbox 630 1687 667 1732; x_wconf 91' lang='lat' dir='ltr'><strong>si</strong></span> <span class='ocrx_word' id='word_1_193' title='bbox 707 1687 1074 1745; x_wconf 90' lang='lat' dir='ltr'><strong>spopondissemus</strong></span> <span class='ocrx_word' id='word_1_194' title='bbox 1114 1687 1261 1732; x_wconf 87' lang='lat' dir='ltr'><strong>urbem</strong></span> <span class='ocrx_word' id='word_1_195' title='bbox 1301 1687 1410 1733; x_wconf 88' lang='lat' dir='ltr'><strong>hane</strong></span> <span class='ocrx_word' id='word_1_196' title='bbox 1448 1687 1568 1733; x_wconf 86' lang='lat' dir='ltr'><strong>relie-</strong></span> 
     </span>
     <span class='ocr_line' id='line_1_26' title="bbox 249 1752 1568 1812; baseline 0.002 -17"><span class='ocrx_word' id='word_1_197' title='bbox 249 1755 393 1795; x_wconf 86' lang='lat' dir='ltr'><strong>turum</strong></span> <span class='ocrx_word' id='word_1_198' title='bbox 422 1752 625 1810; x_wconf 88' lang='lat' dir='ltr'><strong>populum</strong></span> <span class='ocrx_word' id='word_1_199' title='bbox 665 1752 916 1806; x_wconf 83' lang='lat' dir='ltr'><strong>Romanum,</strong></span> <span class='ocrx_word' id='word_1_200' title='bbox 949 1753 985 1797; x_wconf 92' lang='lat' dir='ltr'><strong>si</strong></span> <span class='ocrx_word' id='word_1_201' title='bbox 1025 1753 1305 1806; x_wconf 86' lang='lat' dir='ltr'><strong>incensurum,</strong></span> <span class='ocrx_word' id='word_1_202' title='bbox 1338 1753 1374 1797; x_wconf 89' lang='lat' dir='ltr'><strong>si</strong></span> <span class='ocrx_word' id='word_1_203' title='bbox 1414 1753 1568 1812; x_wconf 87' lang='lat' dir='ltr'><strong>magis-</strong></span> 
     </span>
     <span class='ocr_line' id='line_1_27' title="bbox 247 1815 1566 1874; baseline 0.002 -14"><span class='ocrx_word' id='word_1_204' title='bbox 247 1820 385 1860; x_wconf 85' lang='lat' dir='ltr'><strong>tratus</strong></span> <span class='ocrx_word' id='word_1_205' title='bbox 422 1817 458 1860; x_wconf 91' lang='lat' dir='ltr'><strong>si</strong></span> <span class='ocrx_word' id='word_1_206' title='bbox 493 1820 686 1861; x_wconf 85' lang='lat' dir='ltr'><strong>senatum</strong></span> <span class='ocrx_word' id='word_1_207' title='bbox 715 1816 751 1860; x_wconf 94' lang='lat' dir='ltr'><strong>si</strong></span> <span class='ocrx_word' id='word_1_208' title='bbox 785 1816 899 1874; x_wconf 84' lang='lat' dir='ltr'><strong>leges</strong></span> <span class='ocrx_word' id='word_1_209' title='bbox 926 1832 1009 1861; x_wconf 91' lang='lat' dir='ltr'><strong>non</strong></span> <span class='ocrx_word' id='word_1_210' title='bbox 1042 1816 1296 1869; x_wconf 85' lang='lat' dir='ltr'><strong>habiturum,</strong></span> <span class='ocrx_word' id='word_1_211' title='bbox 1325 1816 1362 1861; x_wconf 89' lang='lat' dir='ltr'><strong>si</strong></span> <span class='ocrx_word' id='word_1_212' title='bbox 1393 1815 1472 1862; x_wconf 92' lang='lat' dir='ltr'><strong>sub</strong></span> <span class='ocrx_word' id='word_1_213' title='bbox 1504 1832 1566 1862; x_wconf 88' lang='lat' dir='ltr'><strong>re·</strong></span> 
     </span>
     <span class='ocr_line' id='line_1_28' title="bbox 248 1882 1567 1940; baseline 0.002 -15"><span class='ocrx_word' id='word_1_214' title='bbox 248 1882 370 1940; x_wconf 86' lang='lat' dir='ltr'><strong>gibus</strong></span> <span class='ocrx_word' id='word_1_215' title='bbox 411 1882 687 1927; x_wconf 71' lang='lat' dir='ltr'><strong>futurum—i’</strong></span> <span class='ocrx_word' id='word_1_216' title='bbox 730 1882 801 1926; x_wconf 88' lang='lat' dir='ltr'><strong>Dii</strong></span> <span class='ocrx_word' id='word_1_217' title='bbox 832 1882 1013 1935; x_wconf 82' lang='lat' dir='ltr'><strong>meliora,</strong></span> <span class='ocrx_word' id='word_1_218' title='bbox 1042 1882 1209 1940; x_wconf 92' lang='lat' dir='ltr'><strong>inquis:</strong></span> <span class='ocrx_word' id='word_1_219' title='bbox 1245 1883 1363 1940; x_wconf 88' lang='lat' dir='ltr'><strong>atqui</strong></span> <span class='ocrx_word' id='word_1_220' title='bbox 1392 1897 1478 1928; x_wconf 85' lang='lat' dir='ltr'><strong>non</strong></span> <span class='ocrx_word' id='word_1_221' title='bbox 1503 1883 1567 1927; x_wconf 87' lang='lat' dir='ltr'><strong>in-</strong></span> 
     </span>
     <span class='ocr_line' id='line_1_29' title="bbox 250 1946 1565 2005; baseline 0.002 -15"><span class='ocrx_word' id='word_1_222' title='bbox 250 1947 432 2003; x_wconf 85' lang='lat' dir='ltr'><strong>dignitas</strong></span> <span class='ocrx_word' id='word_1_223' title='bbox 463 1963 603 1991; x_wconf 91' lang='lat' dir='ltr'><strong>rerum</strong></span> <span class='ocrx_word' id='word_1_224' title='bbox 634 1947 868 2004; x_wconf 89' lang='lat' dir='ltr'><strong>sponsionis</strong></span> <span class='ocrx_word' id='word_1_225' title='bbox 897 1946 1107 1991; x_wconf 82' lang='lat' dir='ltr'><strong>vinculum</strong></span> <span class='ocrx_word' id='word_1_226' title='bbox 1137 1946 1274 1991; x_wconf 85' lang='lat' dir='ltr'><strong>levat:</strong></span> <span class='ocrx_word' id='word_1_227' title='bbox 1308 1947 1344 1991; x_wconf 89' lang='lat' dir='ltr'><strong>si</strong></span> <span class='ocrx_word' id='word_1_228' title='bbox 1371 1946 1473 2005; x_wconf 85' lang='lat' dir='ltr'><strong>quid</strong></span> <span class='ocrx_word' id='word_1_229' title='bbox 1499 1951 1565 1992; x_wconf 83' lang='lat' dir='ltr'><strong>est</strong></span> 
     </span>
     <span class='ocr_line' id='line_1_30' title="bbox 210 2010 1565 2070; baseline 0.001 -16"><span class='ocrx_word' id='word_1_230' title='bbox 210 2023 232 2059; x_wconf 86' lang='lat'><strong><em>5</em></strong></span> <span class='ocrx_word' id='word_1_231' title='bbox 249 2011 292 2054; x_wconf 90' lang='lat' dir='ltr'><strong>in</strong></span> <span class='ocrx_word' id='word_1_232' title='bbox 314 2026 396 2068; x_wconf 89' lang='lat' dir='ltr'><strong>quo</strong></span> <span class='ocrx_word' id='word_1_233' title='bbox 417 2010 592 2070; x_wconf 85' lang='lat' dir='ltr'><strong>obligari</strong></span> <span class='ocrx_word' id='word_1_234' title='bbox 612 2012 790 2069; x_wconf 89' lang='lat' dir='ltr'><strong>populus</strong></span> <span class='ocrx_word' id='word_1_235' title='bbox 812 2012 958 2069; x_wconf 91' lang='lat' dir='ltr'><strong>possit,</strong></span> <span class='ocrx_word' id='word_1_236' title='bbox 980 2011 1025 2055; x_wconf 89' lang='lat' dir='ltr'><strong>in</strong></span> <span class='ocrx_word' id='word_1_237' title='bbox 1053 2011 1192 2055; x_wconf 87' lang='lat' dir='ltr'><strong>onmia</strong></span> <span class='ocrx_word' id='word_1_238' title='bbox 1218 2014 1372 2069; x_wconf 86' lang='lat' dir='ltr'><strong>potest.</strong></span> <span class='ocrx_word' id='word_1_239' title='bbox 1433 2010 1491 2055; x_wconf 87' lang='lat' dir='ltr'><strong>Et</strong></span> <span class='ocrx_word' id='word_1_240' title='bbox 1511 2026 1565 2055; x_wconf 89' lang='lat' dir='ltr'><strong>ne</strong></span> 
     </span>
     <span class='ocr_line' id='line_1_31' title="bbox 248 2074 1562 2134; baseline 0 -15"><span class='ocrx_word' id='word_1_241' title='bbox 248 2075 351 2119; x_wconf 83' lang='lat' dir='ltr'><strong>illud</strong></span> <span class='ocrx_word' id='word_1_242' title='bbox 386 2075 565 2133; x_wconf 82' lang='lat' dir='ltr'><strong>quidem,</strong></span> <span class='ocrx_word' id='word_1_243' title='bbox 603 2075 714 2134; x_wconf 88' lang='lat' dir='ltr'><strong>quod</strong></span> <span class='ocrx_word' id='word_1_244' title='bbox 750 2075 950 2134; x_wconf 84' lang='lat' dir='ltr'><strong>quosdam</strong></span> <span class='ocrx_word' id='word_1_245' title='bbox 991 2075 1170 2120; x_wconf 80' lang='lat' dir='ltr'><strong>forsitan</strong></span> <span class='ocrx_word' id='word_1_246' title='bbox 1203 2079 1382 2128; x_wconf 87' lang='lat' dir='ltr'><strong>moveat,</strong></span> <span class='ocrx_word' id='word_1_247' title='bbox 1420 2074 1562 2128; x_wconf 85' lang='lat' dir='ltr'><strong>refert,</strong></span> 
     </span>
     <span class='ocr_line' id='line_1_32' title="bbox 250 2138 1562 2198; baseline 0.001 -15"><span class='ocrx_word' id='word_1_248' title='bbox 250 2139 394 2184; x_wconf 82' lang='lat' dir='ltr'><strong>consul</strong></span> <span class='ocrx_word' id='word_1_249' title='bbox 425 2155 477 2184; x_wconf 80' lang='lat' dir='ltr'><strong>an</strong></span> <span class='ocrx_word' id='word_1_250' title='bbox 508 2141 688 2185; x_wconf 82' lang='lat' dir='ltr'><strong>dictator</strong></span> <span class='ocrx_word' id='word_1_251' title='bbox 712 2156 765 2184; x_wconf 79' lang='lat' dir='ltr'><strong>an</strong></span> <span class='ocrx_word' id='word_1_252' title='bbox 795 2145 948 2198; x_wconf 81' lang='lat' dir='ltr'><strong>praetor</strong></span> <span class='ocrx_word' id='word_1_253' title='bbox 975 2139 1271 2198; x_wconf 87' lang='lat' dir='ltr'><strong>spoponderit:</strong></span> <span class='ocrx_word' id='word_1_254' title='bbox 1303 2144 1346 2184; x_wconf 86' lang='lat' dir='ltr'><strong>et</strong></span> <span class='ocrx_word' id='word_1_255' title='bbox 1373 2139 1454 2184; x_wconf 84' lang='lat' dir='ltr'><strong>hoe</strong></span> <span class='ocrx_word' id='word_1_256' title='bbox 1482 2138 1562 2197; x_wconf 90' lang='lat' dir='ltr'><strong>ipsi</strong></span> 
     </span>
     <span class='ocr_line' id='line_1_33' title="bbox 249 2203 1562 2263; baseline 0 -16"><span class='ocrx_word' id='word_1_257' title='bbox 249 2204 374 2248; x_wconf 82' lang='lat' dir='ltr'><strong>etiam</strong></span> <span class='ocrx_word' id='word_1_258' title='bbox 398 2204 605 2249; x_wconf 83' lang='lat' dir='ltr'><strong>Samnites</strong></span> <span class='ocrx_word' id='word_1_259' title='bbox 627 2204 933 2263; x_wconf 83' lang='lat' dir='ltr'><strong>judicaverunt,</strong></span> <span class='ocrx_word' id='word_1_260' title='bbox 956 2203 1106 2263; x_wconf 91' lang='lat' dir='ltr'><strong>quibus</strong></span> <span class='ocrx_word' id='word_1_261' title='bbox 1127 2218 1212 2248; x_wconf 87' lang='lat' dir='ltr'><strong>nou</strong></span> <span class='ocrx_word' id='word_1_262' title='bbox 1232 2203 1313 2248; x_wconf 81' lang='lat' dir='ltr'><strong>fuit</strong></span> <span class='ocrx_word' id='word_1_263' title='bbox 1343 2203 1447 2248; x_wconf 80' lang='lat' dir='ltr'><strong>satis</strong></span> <span class='ocrx_word' id='word_1_264' title='bbox 1467 2217 1562 2248; x_wconf 82' lang='lat' dir='ltr'><strong>oon·</strong></span> 
     </span>
    </p>
   </div>
   <div class='ocr_carea' id='block_1_3' title="bbox 249 2267 1649 2328">
    <p class='ocr_par' dir='ltr' id='par_1_3' title="bbox 249 2267 1649 2328">
     <span class='ocr_line' id='line_1_34' title="bbox 249 2267 1649 2328; baseline 0.001 -16"><span class='ocrx_word' id='word_1_265' title='bbox 249 2267 360 2313; x_wconf 86' lang='lat' dir='ltr'><strong>sules</strong></span> <span class='ocrx_word' id='word_1_266' title='bbox 388 2268 591 2327; x_wconf 84' lang='lat' dir='ltr'><strong>spondere</strong></span> <span class='ocrx_word' id='word_1_267' title='bbox 620 2268 691 2315; x_wconf 86' lang='lat' dir='ltr'><strong>sed</strong></span> <span class='ocrx_word' id='word_1_268' title='bbox 721 2269 881 2328; x_wconf 82' lang='lat' dir='ltr'><strong>legatos</strong></span> <span class='ocrx_word' id='word_1_269' title='bbox 903 2273 1131 2326; x_wconf 82' lang='lat' dir='ltr'><strong>quaestorcs</strong></span> <span class='ocrx_word' id='word_1_270' title='bbox 1162 2267 1354 2315; x_wconf 82' lang='lat' dir='ltr'><strong>tribunos</strong></span> <span class='ocrx_word' id='word_1_271' title='bbox 1380 2267 1561 2314; x_wconf 84' lang='lat' dir='ltr'><strong>militum</strong></span> <span class='ocrx_word' id='word_1_272' title='bbox 1647 2268 1649 2280; x_wconf 84' lang='grc'><strong>“</strong></span> 
     </span>
    </p>
   </div>
  </div>
 </body>
</html>
