1649 2452
565 80 675 121 LIB.
706 81 758 122 X.
792 83 855 130 26,
876 82 937 124 27.
1341 83 1419 122 633

105 133 305 176 A.c.295.]

105 175 229 222 eladis
249 175 453 234 perlatam
473 190 598 234 quam
617 176 662 221 in
682 178 912 234 conspectu
930 175 1050 221 fuere
1071 174 1286 220 Gallorum
1307 176 1420 234 equi-

102 243 161 286 tes
201 240 442 298 pectoribus
478 255 682 299 equorum
713 256 921 298 suspensa
955 243 1172 300 gestantes
1203 241 1342 299 capita
1376 244 1420 286 et

98 304 248 350 lanceis
268 305 397 350 infixa
415 309 675 364 ovantesque
702 305 830 350 moris
859 305 925 350 sui
952 304 1147 350 carmine.
1211 305 1320 349 Sunt
1347 305 1420 364 qui
1437 311 1459 348 9

100 369 280 414 Umbros
315 370 446 414 fuisse
482 385 567 415 non
598 370 739 415 Gallos
775 369 946 414 tradant
982 384 1060 414 nec
1089 373 1255 413 tantum
1289 369 1418 414 cladis

98 438 324 492 acceptum,
346 437 390 479 et
411 435 708 479 circumventis
726 433 1042 493 pabulatoribus
1063 448 1159 479 cum
1180 433 1231 478 L.
1255 434 1418 479 Manlio

97 498 306 557 Torquato
342 498 482 557 legato
520 499 756 557 Scipionem
789 502 1090 558 propraetorem
1125 497 1360 543 subsidium
1395 515 1418 544 e

95 563 241 608 castris
269 563 418 608 tulisse
446 564 713 622 victoresque
740 563 928 609 Umbros
956 562 1244 621 redintegrato
1271 563 1417 621 proelio

94 628 226 672 victos
255 643 347 673 esse
375 629 648 687 captivosque
676 628 736 673 eis
765 643 812 673 ac
837 628 1017 686 praedam
1041 627 1291 686 ademptam.
1354 628 1417 673 Si-
1437 635 1484 672 lo

94 691 230 736 milius
251 707 351 737 vero
372 696 438 737 est
467 708 491 737 a
514 692 634 737 Gallo
658 692 781 737 hoste
809 708 934 751 quam
959 692 1124 737 Umbro
1145 707 1236 737 eam
1258 691 1417 737 cladem

92 761 318 815 acceptam,
350 756 463 815 quod
491 772 619 815 quum
652 772 762 815 saepe
795 757 896 801 alias
927 761 1019 801 tum
1052 773 1101 801 eo
1133 771 1242 801 anno
1264 756 1416 802 Gallici

91 821 300 866 tumultus
337 821 574 879 praecipuus
615 824 753 866 terror
792 821 1007 866 civitatem
1046 821 1198 866 tenuit.
1260 822 1413 880 Itaque
1437 827 1480 865 11

91 894 372 945 praeterquam
409 886 522 944 quod
557 885 680 931 ambo
721 886 913 931 consules
949 885 1129 944 profecti
1169 885 1222 930 ad
1261 885 1416 931 bellum

90 954 210 995 erant
238 965 335 995 cum
363 954 565 1009 quattuor
591 950 826 1008 legionibus
856 954 900 995 et
927 966 1080 1009 magno
1109 950 1303 1009 equitatu
1323 951 1412 996 Ro·

90 1029 213 1060 mano
235 1014 543 1073 Campanisque
563 1015 676 1060 mille
693 1014 904 1074 equitibus
926 1014 1098 1060 delectis
1120 1015 1172 1059 ad
1194 1015 1238 1060 id
1258 1015 1414 1060 bellum

89 1081 228 1126 missis
257 1084 300 1126 et
329 1081 538 1126 sociorum
567 1081 832 1140 nominisque
863 1080 1008 1126 Latini
1037 1083 1194 1139 majore
1225 1082 1415 1126 exercitu

89 1161 214 1203 quam
253 1145 447 1200 Romani,
485 1146 557 1192 alii
595 1146 680 1191 duo
721 1146 932 1190 exercitus
972 1145 1085 1191 haud
1125 1147 1271 1204 procul
1313 1146 1415 1192 urbe

88 1210 271 1255 Etruriae
311 1210 508 1269 oppositi,
544 1227 655 1255 unus
695 1210 740 1255 in
779 1210 942 1255 Falisco
983 1210 1089 1256 alter
1128 1211 1172 1255 in
1206 1211 1414 1257 Vaticano

88 1290 214 1333 agro:
248 1275 324 1320 Cn.
348 1275 522 1320 Fulvius
553 1279 598 1321 et
629 1275 681 1320 L.
703 1275 950 1320 Postumius
982 1275 1194 1334 Megellus
1231 1291 1414 1335 proprae-

90 1343 201 1384 tores
223 1339 343 1385 ambo
365 1341 520 1385 stativa
539 1340 584 1385 in
604 1341 664 1385 eis
685 1340 786 1385 loeis
808 1340 961 1385 habere
979 1340 1100 1398 jussi.

147 1404 350 1449 Consules
382 1404 435 1449 ad
465 1405 609 1449 hostes
639 1409 905 1463 transgresso
935 1405 1160 1463 Apennino
1189 1405 1235 1450 in
1263 1404 1530 1464 agrum(27)

89 1468 348 1514 Sentinatem
386 1473 692 1528 pervenerunt:
733 1469 793 1514 ibi
828 1473 1030 1528 quattuor
1064 1470 1240 1514 millium
1280 1471 1412 1516 ferme

86 1533 305 1579 intervallo
341 1539 480 1579 castra
513 1534 664 1593 posita.
726 1534 847 1578 Inter
881 1534 1026 1579 hostes
1063 1534 1213 1579 deinde
1249 1535 1414 1580 consul-

86 1598 269 1644 tationes
308 1598 477 1654 habitae,
513 1602 641 1658 atque
680 1599 742 1643 ita
782 1599 991 1654 convenit,
1031 1615 1084 1644 ne
1125 1599 1220 1643 unis
1261 1600 1412 1644 castris

86 1663 362 1708 miscerentur
390 1678 537 1708 omnes
563 1678 669 1708 neve
695 1663 742 1707 in
768 1663 899 1708 aciem
928 1663 1230 1709 descenderent
1258 1664 1410 1708 simul:

87 1727 344 1773 Samnitibus
374 1728 494 1781 Galli,
523 1727 718 1773 Etruscis
745 1727 894 1773 Umbri
924 1727 1100 1785 adjecti:
1135 1728 1223 1773 dies
1255 1728 1413 1774 indicta

86 1807 261 1851 pugnae:
296 1793 473 1837 Samniti
495 1792 710 1851 Gallisque
740 1791 933 1851 delegata
964 1808 1107 1850 pugna
1133 1793 1245 1838 inter
1271 1794 1410 1852 ipsum

86 1855 500 1911 certamenDEtrusci
531 1856 768 1915 Umbrique
795 1857 905 1915 jussi
945 1863 1084 1902 castra
1113 1857 1307 1902 Romana
1336 1874 1409 1917 op-

85 1935 284 1979 pugnare.
348 1922 454 1966 Haeo
494 1921 667 1966 consilia
706 1920 937 1966 turbarunt
977 1921 1209 1980 transfugae
1246 1922 1448 1969 Clusini2

84 1991 169 2030 tres
201 1986 306 2030 clam
337 1991 461 2030 nocte
497 1985 550 2030 ad
585 1985 762 2030 Fabium
794 1985 1008 2030 consulem
1039 1988 1305 2046 transgressi,
1336 1989 1407 2046 qui

83 2049 206 2094 editis
236 2050 422 2095 hostium
453 2050 635 2095 consiliis
667 2050 828 2095 dimissi
857 2066 954 2095 cum
985 2051 1104 2096 donis
1135 2057 1185 2097 ut
1216 2053 1406 2109 subinde,

84 2118 131 2158 ut
161 2130 337 2173 quaeque
366 2130 434 2160 res
464 2130 573 2159 nova
602 2114 771 2160 decreta
800 2119 927 2171 esset,
955 2116 1215 2174 exploratam
1245 2119 1405 2175 perfer-

84 2182 191 2224 rent.
252 2179 457 2225 Consules
484 2179 634 2224 Fulvio
661 2184 711 2224 ut
742 2195 795 2224 ex
821 2179 997 2234 Falisco,
1028 2181 1249 2226 Postumio
1275 2187 1325 2226 ut
1353 2199 1403 2228 ex
1422 2195 1443 2231 3

83 2241 289 2289 Vaticano
317 2244 547 2290 exercitum
575 2243 627 2289 ad
658 2244 844 2289 Clusium
877 2244 1124 2292 admoveant
1155 2261 1401 2305 summaque
