1649 2452
509 65 621 105 LIB.
649 64 724 106 VI.
754 65 925 105 20-22.
1299 65 1378 106 395

65 117 455 206 veliti-'affcolonias
470 162 559 218 jam
581 159 654 204 diu
673 159 892 204 molientes
919 157 1196 204 defectionem
1216 160 1260 203 et
1287 174 1379 203 sus-

64 229 236 284 pectam
269 223 443 273 Latium
473 222 682 272 Lanuvini
714 225 853 280 etiam,
883 238 977 282 quae
1011 222 1251 268 fidelissima
1278 222 1379 267 urbs

63 290 217 345 fuerat,
249 287 390 334 subito
421 288 569 333 exorti.
631 287 686 332 Id
717 293 855 347 patres
884 288 967 334 rati
1001 291 1247 345 contemptu
1275 287 1380 332 acci-
1393 291 1416 328 3

64 353 175 411 dere,
211 353 324 413 quod
356 352 585 408 Veliternis
621 352 781 398 civibus
817 352 904 398 suis
942 356 1031 396 tam
1065 351 1138 396 diu
1176 351 1383 410 impunita

64 417 244 468 defectio
265 421 390 471 esset,
414 416 689 462 decreverunt
710 423 757 461 ut
779 417 914 475 primo
935 431 1100 476 quoque
1120 419 1308 472 tempore
1328 414 1382 460 ad

62 482 266 541 populum
304 482 488 530 serretur
527 480 579 525 de
616 480 722 525 bello
759 482 818 526 eis
859 480 1091 526 indicendo.
1152 479 1222 525 Ad
1257 483 1418 538 quam4

63 547 252 592 militiam
275 561 357 605 quo
378 545 563 604 paratior
583 545 726 604 plebes
754 550 879 599 esset,
904 545 1199 604 quinqueviros
1226 544 1381 603 Pomp-

62 611 154 656 tino
175 626 276 670 agro
297 609 520 655 dividendo
542 613 585 654 et
607 609 850 654 triumviros
872 610 1040 674 Nepete
1060 609 1233 654 coloniae
1254 607 1381 654 dedu-

66 675 208 721 cendae
229 678 489 720 creaverunt.
550 673 659 719 Tum
686 678 735 718 ut
764 673 919 718 bellum
940 673 1140 731 juberent
1167 673 1301 718 latum
1327 672 1416 718 ad5

62 739 264 799 populum
287 743 364 792 est,
389 742 432 784 et
452 738 706 797 nequiquam
726 737 1066 784 dissuadentibus
1086 737 1267 783 tribunis
1295 737 1379 797 ple-

61 803 127 850 bis
148 819 292 850 omnes
312 803 449 848 tribus
470 801 625 848 bellum
636 802 869 861 jusserunt.
922 805 1186 862 Apparatum
1205 817 1254 847 eo
1271 817 1379 848 anno
1393 801 1416 839 6

63 869 217 914 bellum
238 872 316 921 ost,
337 867 546 913 exercitus
567 871 740 925 propter
767 867 1047 926 pestilentiam
1069 883 1155 913 non
1175 867 1378 913 eductus:

64 949 196 993 eaque
216 933 431 979 cunctatio
451 931 608 977 colonis
630 932 813 990 spatium
842 931 1013 977 dederat
1042 931 1291 991 deprecandi
1316 947 1381 977 se-

61 1006 234 1044 natum:
267 1000 310 1043 et
330 1012 482 1056 magna
501 996 717 1040 hominum
745 1011 841 1054 pars
869 1011 918 1041 eo
946 1000 995 1042 ut
1022 996 1176 1055 legatio
1204 996 1381 1055 supplex

62 1063 243 1108 Romam
263 1062 504 1107 mitteretur
523 1060 762 1116 inclinabat,
782 1061 826 1106 ni
846 1061 1022 1119 privatO,
1045 1066 1094 1106 ut
1114 1062 1175 1115 fit,
1197 1061 1381 1119 periculo

63 1127 274 1186 publicum
305 1125 555 1184 implicitum
589 1130 713 1178 esset,
747 1131 1022 1184 auctoresque
1053 1125 1298 1171 defectionis
1329 1125 1380 1171 ab

62 1192 266 1238 Romanis
305 1195 436 1244 metu,
472 1205 526 1234 ne
566 1189 644 1234 soli
684 1190 848 1235 crimini
887 1190 1068 1247 subjecti
1107 1190 1271 1249 piacula
1308 1190 1381 1236 irae

61 1257 351 1302 Romanorum
378 1254 643 1307 dederentur,
666 1255 917 1305 avertissent
945 1255 1126 1300 colonias
1147 1271 1173 1300 a
1199 1255 1381 1300 consiliis

60 1321 187 1380 pacis.
249 1321 401 1379 Neque
420 1319 465 1364 in
484 1323 635 1364 senatu
655 1318 788 1364 solum
809 1335 884 1378 per
904 1335 976 1364 eos
1001 1319 1156 1379 legatio
1182 1319 1382 1379 impedita
1398 1325 1420 1365 7

61 1389 142 1442 est,
178 1385 253 1430 sed
287 1400 442 1444 magna
475 1400 572 1443 pars
608 1383 740 1442 plebis
776 1384 952 1430 incitata
985 1389 1035 1429 ut
1069 1384 1302 1443 praedatum
1335 1385 1381 1430 in

61 1467 210 1510 agrum
232 1450 473 1495 Romanum
500 1448 675 1494 exirent.
737 1449 845 1494 Haec
872 1464 981 1494 nova
1006 1449 1158 1508 injuria
1187 1449 1416 1495 exturba-8

60 1517 124 1561 vit
164 1531 329 1560 omnem
370 1529 487 1572 spem
527 1514 653 1572 pacis.
713 1513 780 1558 De
820 1514 1180 1559 Praenestinorum
1216 1530 1380 1573 quoque

62 1580 298 1626 defectione
327 1593 376 1623 eo
404 1593 513 1622 anno
543 1577 725 1636 primum
754 1578 866 1622 fama
895 1582 1054 1632 exorta,
1085 1579 1382 1637 arguentibus-

61 1661 143 1704 que
164 1660 235 1690 eos
257 1642 506 1689 Tusculanis
528 1647 570 1687 et
601 1641 773 1687 Gabinis
802 1647 845 1687 et
873 1641 1110 1699 Labicanis,
1133 1659 1310 1702 quorum
1336 1644 1381 1688 in

62 1708 166 1755 fines
190 1709 451 1754 incursatum
473 1709 576 1760 erat,
598 1706 660 1751 ita
685 1706 846 1764 placide
875 1706 926 1752 ab
957 1711 1107 1752 senatu
1133 1723 1380 1765 responsum

61 1778 140 1828 est,
163 1776 213 1818 ut
233 1773 372 1818 minus
402 1770 515 1816 credi
543 1770 594 1815 de
621 1770 878 1825 criminibuS,
901 1771 999 1830 quia
1026 1771 1185 1822 nollent
1205 1787 1255 1817 ea
1280 1787 1379 1818 vera

60 1854 166 1893 esse,
190 1840 423 1896 appareret.

119 1901 369 1961 Insequenti
396 1915 504 1945 anno
535 1900 604 1958 Sp.
626 1903 670 1945 et
697 1901 749 1946 L.
771 1901 930 1960 Papirii
957 1901 1056 1947 novi
1081 1900 1240 1946 tribuni
1265 1901 1373 1947 mili·
1388 1900 1496 1955 (22)

59 1971 154 2012 tum
174 1965 385 2018 consulari
404 1968 617 2024 potestate
638 1965 823 2010 Velitras
850 1965 1036 2025 legiones
1063 1965 1232 2020 duxere,
1256 1970 1376 2025 quat-

59 2035 159 2077 tuor
179 2030 351 2090 collegis
374 2029 462 2075 Ser.
487 2029 682 2077 Cornelio
702 2029 990 2089 Maluginensi
1008 2030 1179 2075 tertium
1203 2030 1257 2080 Q.
1282 2031 1377 2076 Ser·

60 2096 158 2142 vilio
179 2095 228 2141 C.
253 2094 437 2153 Sulpicio
463 2094 516 2141 L.
531 2094 703 2140 AEmilio
725 2100 920 2154 quartum
947 2094 1127 2140 tribunis
1155 2094 1208 2140 ad
1235 2097 1377 2154 praesi-

61 2161 176 2207 dium
195 2159 312 2207 urbis
333 2165 377 2204 et
397 2160 435 2204 si
449 2160 524 2218 qui
543 2176 597 2205 ex
617 2160 791 2207 Etruria
810 2160 910 2206 novi
923 2164 1064 2206 motus
1079 2161 1376 2206 nuntiarentur

62 2224 259 2277 -omnia
277 2224 389 2277 enim
407 2223 506 2277 inde
534 2228 732 2287 suspecta
757 2224 1105 2275 erant-relictis.
1163 2225 1235 2285 Ad
1262 2225 1373 2273 Veli-
1387 2231 1411 2271 2
