1649 2452
275 198 281 204 ,
320 201 323 209 ,
595 154 706 195 Lrss.
736 153 811 195 VI.
840 154 1011 194 26—28.
1381 155 1460 194 403

144 208 478 315 &rinisslebem
505 265 584 297 nec
613 249 820 308 respirare
845 249 893 295 in
919 247 1025 294 urbe
1052 246 1127 293 aut
1153 262 1229 307 per
1257 246 1394 292 otium
1417 247 1466 292 li·

144 320 323 368 bertatis
359 317 598 364 meminisse
634 315 774 359 sinant
810 312 884 359 aut
915 313 1144 359 consistere
1174 313 1219 357 in
1249 312 1461 366 concione,

143 385 218 431 ubi
252 381 477 443 aliquando
512 379 685 426 audiant
720 394 866 424 vocem
899 378 1166 424 tribuniciam
1202 376 1253 422 de
1288 376 1463 422 levando

143 450 289 495 fenore
319 451 363 494 et
393 447 475 492 fine
506 445 680 490 aliarum
710 443 958 502 injuriarum
992 446 1201 502 agentem.
1265 440 1393 490 Quod
1429 442 1500 487 si7

145 514 202 559 sit
223 512 388 559 animus
410 510 521 570 plebi
541 523 703 554 memor
730 515 897 567 patrum
918 507 1141 561 libertatis,
1165 522 1210 552 se
1229 521 1308 552 nec
1330 505 1466 551 addici

146 592 398 636 quemquam
419 575 551 620 civem
574 574 815 618 Romanum
836 573 889 618 ob
911 572 1110 618 creditam
1134 571 1353 630 pecuniam
1374 587 1466 629 pas-

146 657 267 687 suros
288 656 425 699 neque
447 639 648 684 dilectum
675 637 832 690 haberi,
857 637 988 682 donec
1015 635 1205 694 inspecto
1230 651 1311 683 aere
1332 635 1467 681 alieno

146 707 334 765 initaque
355 705 518 750 ratione
539 701 755 747 minuendi
777 702 866 759 ejus
893 702 998 746 sciat
1019 716 1130 745 unus
1152 700 1342 759 quisque,
1366 699 1469 759 quid

147 770 214 816 sui
244 769 345 829 quid
376 768 500 814 alieni
530 768 600 820 sit,
635 766 818 823 supersit
850 765 930 811 sibi
960 766 1136 811 liberum
1164 781 1316 825 corpus
1345 781 1397 810 an
1425 765 1470 810 id

148 850 316 894 qnoque
345 849 475 879 nervo
511 831 726 877 debeatur.
790 831 955 875 Merces
997 830 1214 875 seditionis
1254 831 1505 889 proposita8

149 899 372 946 confestim
409 896 657 956 seditionem
698 894 923 940 excitavit:
966 911 1062 940 nam
1096 900 1138 940 et
1170 895 1470 940 addicebantur

149 963 274 1008 multi
314 965 358 1008 et
399 961 452 1006 ad
491 959 744 1006 Praenestini
784 959 938 1004 famam
978 959 1075 1005 belli
1116 971 1244 1005 novas
1285 959 1469 1019 legiones

151 1026 392 1074 scribendas
414 1029 555 1084 patres
577 1028 852 1070 censuerant:
889 1040 981 1083 quae
1009 1029 1187 1083 utraque
1209 1025 1334 1070 simul
1355 1025 1471 1069 auxi*

148 1092 206 1137 lio
232 1090 461 1137 tribunicio
489 1094 532 1135 et
570 1105 779 1135 consensu
811 1088 941 1147 plebis
972 1089 1163 1147 impediri
1194 1093 1341 1148 coepta,
1374 1104 1469 1134 nam

149 1171 286 1216 neque
328 1154 425 1200 duci
466 1153 656 1199 addictos
689 1153 850 1198 tribuni
883 1153 1075 1198 sinebant
1110 1170 1246 1213 neque
1281 1154 1471 1213 Juniores

149 1221 321 1266 nomina
355 1220 524 1265 dabant.
584 1219 726 1272 Quum
760 1217 951 1276 patribus
988 1219 1123 1264 minor
1153 1235 1336 1277 praesens
1372 1227 1509 1265 cura9

151 1285 323 1332 creditae
354 1285 542 1344 pecuniae
570 1284 677 1342 juris
709 1283 966 1343 exsequendi
997 1300 1120 1342 quam
1153 1284 1331 1330 dilectus
1360 1285 1472 1330 esset

150 1350 364 1409 —quippe
379 1353 470 1409 jam
491 1365 516 1394 a
544 1349 759 1394 Praeneste
786 1349 998 1407 profectos
1027 1349 1170 1394 hostes
1198 1349 1242 1394 in
1270 1365 1371 1409 agro
1394 1350 1472 1394 Ga-

154 1414 250 1460 bino
278 1413 517 1460 consedisse
544 1413 890 1468 nuntiabatur—‚
918 1413 1088 1458 interim
1115 1413 1308 1459 tribunos
1340 1413 1471 1473 plebis

152 1479 265 1524 fama
284 1494 332 1524 ea
360 1479 453 1537 ipsa
480 1479 720 1523 irritaverat
747 1478 881 1536 magis
913 1478 966 1523 ad
986 1485 1231 1536 susceptum
1261 1483 1474 1524 certamen

153 1559 279 1603 quam
312 1543 587 1596 deterruerat,
621 1557 759 1601 neque
795 1542 909 1587 aliud
944 1543 997 1587 ad
1032 1543 1280 1589 seditionem
1315 1545 1475 1589 exstin-

153 1607 363 1667 guendam
394 1608 439 1652 in
467 1607 571 1653 urbe
607 1623 732 1666 qnam
763 1623 892 1666 prope
931 1607 1096 1653 illatum
1124 1609 1331 1654 moenibus
1371 1609 1472 1667 ipsis

154 1672 310 1718 bellum
340 1672 485 1717 valuit.
547 1673 660 1716 Nam
692 1688 822 1731 quum
862 1675 974 1717 esset
1005 1674 1275 1735 Praenestinis
1305 1674 1588 1733 nuntia-(28)

153 1740 247 1782 tum
268 1737 431 1782 nullum
458 1737 689 1782 exercitum
721 1737 1003 1795 conscriptum
1028 1738 1186 1791 Rornae,
1208 1737 1370 1783 nullum
1398 1739 1474 1783 du-

156 1817 248 1846 cem
288 1804 451 1847 certum
491 1817 598 1855 esse,
629 1805 771 1860 patres
812 1817 860 1846 ac
900 1801 1063 1860 plebem
1102 1802 1147 1847 in
1186 1807 1320 1848 semet
1359 1803 1473 1862 ipsos

153 1881 310 1922 versos,
342 1865 602 1911 occasionem
643 1866 725 1910 rati
764 1866 891 1910 duces
932 1881 1076 1911 eorum
1116 1867 1270 1926 raptim
1309 1868 1475 1927 agmine

155 1933 250 1976 acto
290 1930 545 1989 pervastatis
586 1931 778 1988 protinus
820 1930 930 1989 agris
972 1930 1025 1975 ad
1064 1936 1229 1989 portam
1270 1932 1473 1977 Collinam

155 1995 278 2054 signa
303 1994 498 2040 intulere.
559 1995 718 2054 Ingens
750 1995 795 2039 in
824 1994 927 2039 urbe
957 1995 1182 2054 trepidatio
1210 1996 1305 2042 fuit.
1367 1997 1459 2042 Con
1489 2005 1552 2049 2‚3

156 2060 381 2104 clamatum
403 2059 457 2104 ad
484 2075 599 2104 arma
628 2075 962 2118 concursumque
989 2060 1034 2104 in
1062 2076 1204 2106 muros
1229 2064 1355 2122 atque
1380 2077 1476 2121 por-

156 2127 223 2169 tas
254 2127 335 2178 est,
354 2123 611 2183 tandemque
639 2125 691 2169 ab
720 2123 925 2169 seditione
954 2124 1008 2170 ad
1036 2125 1189 2172 bellum
1208 2127 1319 2172 versi
1346 2127 1477 2172 dicta-

157 2189 292 2234 torem
320 2188 369 2233 Τ.
394 2189 648 2237 Quinctium
669 2189 966 2234 Cincinnatum
994 2205 1198 2237 creavere.
1260 2192 1306 2237 Is
1326 2192 1476 2251 magis·
1499 2198 1513 2233 ι

158 2255 274 2297 trum
313 2253 505 2311 equitum
540 2253 699 2299 Aulum
743 2253 1036 2312 Sempronium
1070 2250 1316 2301 Atratinum
1357 2257 1476 2302 dixit.

163 2317 286 2372 Quod
318 2317 395 2365 ubi
425 2317 619 2366 anditum
648 2320 934 2374 est,—tantus
969 2321 1062 2381 ejus
1094 2321 1367 2381 magistratus
1396 2324 1479 2368 ter-
