1649 2452
199 152 276 191 630
511 152 557 192 T.
590 151 737 192 LIVII
770 149 1190 191 HISTORIARL'M
1312 203 1367 242 [A.
1386 202 1420 233 c·
1439 200 1509 234 205.

197 249 393 302 precatus
415 246 614 304 populum
637 247 875 292 Romanum
898 260 1022 304 quam
1041 248 1090 290 ut
1118 244 1233 303 prius
1257 260 1378 302 quam
1400 245 1512 288 intro

196 313 446 356 vocarentur
482 311 534 355 ad
565 311 810 368 suffragium
841 309 990 362 tribus,
1023 310 1104 368 Ap.
1127 308 1294 354 Claudii
1322 308 1512 366 praetoris

197 373 356 420 adlatas
378 389 430 420 ex
450 375 623 420 Etruria
643 375 806 420 litteras
827 374 1032 427 audirent,
1056 373 1226 419 comitia
1253 372 1412 426 habuit,
1435 387 1512 416 nec

197 438 357 484 minore
379 438 521 497 populi
543 453 749 484 consensu
770 455 893 498 quam
916 443 1087 483 senatus
1108 437 1322 496 provincia
1340 436 1513 481 Etruria

79 495 184 551 (25)
198 507 318 548 extra
353 507 509 548 sortem
543 502 673 548 Fabio
710 504 879 548 decreta
913 506 991 547 est.
1053 501 1295 546 Concursus
1329 500 1426 545 inde
1460 500 1511 545 ad

196 566 411 612 consulem
450 567 588 612 sactus
624 567 810 612 omnium
851 567 982 611 ferme
1018 566 1232 624 juniorum
1268 568 1311 610 et
1350 579 1427 622 pro
1467 580 1512 610 sc

193 630 371 690 quisque
398 631 568 676 nomina
595 631 762 686 dabant,
791 634 913 676 tanta
939 630 1090 688 cupido
1119 633 1209 674 erat
1236 629 1315 674 sub
1336 644 1385 673 eo
1406 628 1511 677 duce

155 695 400 753 2stipendia
425 695 617 740 faciendi.
681 696 778 744 Qua
804 695 1083 741 circumfusus
1104 693 1230 738 turba
1257 698 1284 717 “
1301 694 1511 747 Quattuor

188 759 345 804 millia”
367 759 504 818 inquit
528 764 552 783 “
567 759 755 818 peditum
783 764 827 805 et
854 763 1074 804 sexcentos
1103 758 1265 817 equites
1291 757 1509 802 dumtaxat

188 823 370 869 scribere
408 824 453 868 in
488 823 624 869 animo
661 829 750 869 est:
797 823 999 868 hodierno
1035 826 1078 868 et
1114 823 1298 867 crastino
1334 821 1400 866 die
1436 822 1508 880 qui

186 888 356 932 nomina
383 887 580 933 dederitis
609 904 772 933 mecum
801 888 976 933 ducam:
1011 887 1157 943 majori
1185 886 1287 931 mihi
1311 901 1421 931 curae
1442 890 1508 930 est

186 958 237 996 ut
257 967 401 997 omnes
421 952 651 1010 locupletes
673 952 869 998 reducam
886 968 1010 1011 quam
1030 957 1079 996 ut
1096 951 1239 995 multis
1261 966 1348 995 rem
1365 965 1507 1007 geram

147 1023 170 1060 3
187 1016 433 1062 militibus.'’
494 1017 718 1061 Profectus
743 1021 841 1076 apto
870 1017 1058 1061 exercitu
1085 1020 1127 1060 et
1149 1031 1198 1060 eo
1226 1015 1319 1073 plus
1344 1013 1506 1060 fiduciae

183 1097 232 1127 ac
265 1082 354 1141 spei
389 1087 575 1140 gerente,
615 1082 726 1141 quod
758 1098 844 1128 non
879 1082 1113 1128 desiderata
1143 1080 1370 1126 multitudo
1400 1085 1504 1134 erat,

183 1147 236 1191 ad
265 1147 463 1205 oppidum
492 1147 718 1202 Aharnam,
745 1147 857 1192 unde
884 1147 997 1191 haud
1024 1146 1170 1204 procul
1199 1146 1342 1190 hostes
1371 1149 1502 1202 erant,

141 1217 166 1253 4
183 1210 236 1255 ad
266 1215 406 1256 castra
431 1211 561 1270 Appii
587 1211 778 1269 praetoris
807 1211 959 1270 pergit.
1020 1211 1173 1255 Paucis
1195 1210 1301 1255 citra
1320 1209 1501 1255 millibus

179 1274 409 1335 lignatores
445 1277 483 1321 ei
519 1291 615 1321 cum
650 1275 844 1335 praesidio
878 1281 1117 1328 occurrunt,
1151 1275 1223 1333 qui
1253 1278 1301 1319 ut
1333 1274 1500 1320 lictores

177 1340 385 1398 praegredi
414 1340 609 1386 viderunt
639 1340 901 1400 Fabiumque
929 1355 1021 1385 esse
1049 1339 1264 1384 consulem
1293 1354 1500 1397 accepere,

179 1404 265 1454 laeti
285 1410 411 1464 atque
433 1405 587 1450 alacres
610 1405 688 1450 diis
717 1405 954 1464 populoque
975 1405 1169 1449 Romano
1190 1409 1332 1462 grates
1355 1408 1499 1463 agunt,

177 1468 290 1527 quod
306 1485 401 1514 eum
417 1469 496 1515 sibi
512 1470 803 1528 imperatorem
819 1470 1031 1514 misissent
1047 1489 1056 1513 ε
1089 1469 1330 1514 circumfusi
1351 1468 1499 1514 deinde

177 1547 271 1578 cum
293 1533 506 1579 consulem
533 1534 776 1587 salutarent,
801 1534 949 1593 quaerit
970 1533 1137 1587 Fabius,
1159 1548 1242 1591 quo
1264 1538 1498 1592 pergerent,

174 1598 606 1658 respondentibusque
637 1598 846 1657 lignatum
877 1614 922 1643 se
951 1599 1024 1650 ire,
1048 1598 1183 1642 “Ain'
1213 1597 1411 1642 tandem’'
1434 1598 1496 1642 in·

133 1668 155 1704 5
175 1662 267 1720 quit
291 1666 431 1708 “num
453 1668 590 1708 castra
610 1663 763 1707 vallata
792 1678 877 1707 non
905 1661 1068 1707 habetis
1083 1663 1129 1706 ?'’
1161 1661 1228 1706 Ad
1258 1662 1338 1707 hoc
1368 1678 1495 1721 quum

173 1725 482 1772 subclamatum
503 1729 629 1780 esset,
653 1726 808 1785 duplici
830 1726 995 1786 quidem
1017 1727 1124 1772 vallo
1146 1734 1188 1771 et
1209 1726 1334 1782 fossa,
1354 1729 1495 1772 tamen

172 1790 216 1835 in
236 1792 399 1850 ingenti
418 1796 536 1836 metu
552 1807 668 1837 esse:
703 1796 729 1814 ‘¹
744 1791 925 1836 Habetis
946 1791 1106 1848 igitur’'
1123 1790 1260 1850 inquit
1278 1790 1494 1836 “adfatim

133 1861 155 1898 6
171 1853 391 1912 lignorum,
413 1856 546 1901 redite
574 1861 617 1901 et
637 1856 778 1901 vellite
799 1855 998 1900 vallum.”
1059 1855 1257 1900 Redeunt
1285 1855 1328 1899 in
1353 1859 1493 1900 castra

170 1925 456 1980 terroremque
491 1921 545 1965 ibi
581 1922 782 1965 vellentes
813 1920 967 1964 vallum
1004 1924 1046 1964 ct
1083 1920 1133 1964 iis
1166 1921 1236 1978 qni
1267 1921 1311 1964 in
1341 1921 1490 1965 castris

172 1990 462 2030 remanserant
502 1986 704 2031 militibus
746 1989 789 2030 et
830 1985 909 2043 ipsi
949 1985 1088 2043 Appio
1129 1985 1347 2030 fecerunt:
1399 1991 1489 2030 tum

171 2064 248 2108 pro
284 2065 328 2095 se
365 2050 540 2110 quisquc
576 2050 645 2095 alii
681 2050 771 2094 aliis
807 2049 957 2103 dicere,
995 2049 1177 2094 consulis
1214 2065 1259 2094 sc
1295 2050 1348 2100 Q.
1371 2049 1488 2095 Fabii

133 2122 153 2160 7
171 2113 309 2159 facere
336 2117 467 2172 jussu.
529 2114 707 2159 Postero
734 2114 831 2159 inde
859 2113 926 2159 die
955 2119 1093 2159 castra
1120 2117 1234 2159 mota
1259 2118 1303 2159 ct
1324 2115 1488 2173 Appius

170 2183 326 2238 praetor
356 2180 533 2224 Romam
566 2178 774 2224 dimissus.
837 2178 943 2224 Indc
973 2193 1179 2238 nusquam
1209 2179 1364 2223 stativa
1400 2179 1487 2223 Ro-

168 2243 302 2289 manis
332 2243 474 2288 suere:
518 2243 699 2301 negabat
735 2243 839 2289 utile
874 2259 966 2288 csse
999 2258 1084 2288 uno
1115 2243 1205 2288 loco
1236 2242 1380 2288 sedere
1416 2259 1484 2288 cx-

166 2307 355 2367 ercitum,
390 2307 611 2355 itineribus
647 2323 695 2355 ac
728 2307 961 2355 mutatione
1002 2308 1187 2355 locorum
1222 2307 1480 2355 mobiliorem
