1649 2452
204 87 284 125 546
524 87 570 126 T.
592 85 742 125 LIVII
773 84 1193 125 HISTORIARUM
1303 139 1348 172 [A
1378 139 1403 170 c
1432 138 1496 172 818

133 186 182 224 12
198 178 355 224 sermm
382 179 427 224 in
453 179 542 225 haec
568 180 651 224 iras
679 182 843 225 acuant.
905 180 1030 233 Quod
1050 179 1102 223 ad
1122 179 1313 224 tribunos
1335 180 1508 234 adtinet,

197 246 415 298 consulite,
457 249 602 290 utrum
641 260 824 301 praesens
867 245 1024 290 deditio
1064 260 1210 290 eorum
1248 245 1339 290 fieri
1376 246 1511 303 possit

200 323 253 353 an
281 309 326 354 iu
356 309 465 353 diem
496 309 743 353 differatur:
773 324 851 353 nos
885 309 1066 362 interim,
1096 310 1143 353 T.
1165 309 1322 353 Veturi
1353 325 1511 368 vosque

198 373 350 426 caeteri,
382 373 481 417 vilia
510 373 598 417 haec
627 373 766 430 capita
795 372 957 418 luendae
989 372 1224 430 sponsionis
1254 372 1436 417 feramus
1466 377 1510 418 et

82 435 182 490 (10)
198 440 342 482 nostro
370 436 574 494 supplicio
600 435 825 481 liberemus
853 437 1045 481 Romana
1065 437 1220 480 arma.''
1281 437 1421 481 Movit
1441 452 1510 494 pa-

196 505 283 545 tres
314 502 573 558 conscriptos
605 517 734 559 quum
765 516 892 546 causa
918 504 1011 544 tum
1042 503 1200 552 auctor,
1229 515 1307 545 nec
1337 505 1509 546 caeteros

195 566 329 610 solum
360 565 434 610 sed
464 564 655 609 tribunos
687 565 812 609 etiam
843 565 990 622 plebei,
1021 567 1071 608 ut
1102 579 1146 608 se
1175 565 1220 608 in
1250 569 1420 609 senatus
1451 565 1509 609 di-

193 633 336 675 cerent
377 630 466 674 sore
506 633 744 687 potestate:
785 629 1038 687 magistratu
1075 627 1172 672 inde
1213 643 1257 673 se
1297 629 1508 686 extemplo

193 693 493 738 abdicaverunt
514 693 742 751 traditique
762 693 977 738 fecialibus
999 708 1098 737 cum
1119 692 1279 737 caeteris
1302 692 1508 738 Caudium

151 767 176 804 2
193 757 384 802 ducendi.
463 757 561 802 Hoc
602 760 772 802 senatus
816 757 1008 802 consulto
1054 757 1166 801 facto
1205 756 1279 800 lux
1320 757 1508 816 quaedam

190 821 410 866 adfulsisse
431 821 593 866 civitati
619 822 710 865 visa
729 824 818 866 est:
851 820 1096 866 Postumius
1123 820 1168 864 in
1188 835 1259 864 ore
1286 824 1391 874 erat,
1412 836 1507 866 eum

189 885 381 930 laudibus
405 885 458 930 ad
477 884 627 930 coelum
657 885 859 941 ferebant,
880 884 1093 930 devotioni
1112 884 1161 928 P.
1183 883 1304 929 Decii
1325 885 1507 930 consulis

191 950 280 995 aliis
310 950 432 994 claris
462 949 716 994 facinoribus
748 949 994 1007 aequabant:
1043 948 1259 993 emersisse
1293 948 1507 994 civitatem

189 1029 242 1058 ex
266 1013 446 1059 obnoxia
472 1029 573 1072 pace
600 1013 712 1058 illius
739 1014 911 1058 consilio
940 1016 983 1058 et
1010 1027 1148 1070 opera,
1177 1013 1316 1070 ipsum
1343 1028 1387 1058 se
1414 1029 1507 1058 eru-

189 1077 368 1123 ciatibus
399 1082 442 1123 et
472 1078 659 1122 hostium
688 1077 760 1122 irae
790 1078 939 1122 offerre
973 1076 1218 1134 piaculaque
1247 1091 1324 1134 pro
1353 1077 1507 1135 populo

150 1142 380 1187 3Romano
417 1142 528 1187 dare.
589 1143 720 1186 Arma
754 1142 894 1187 cuncti
931 1143 1123 1200 spectant
1161 1144 1203 1184 et
1243 1140 1423 1185 bellum:
1455 1157 1507 1186 en

187 1222 386 1264 umquam
425 1206 618 1251 futurum
658 1209 707 1251 ut
748 1205 948 1265 congredi
983 1205 1153 1250 armatis
1190 1220 1286 1250 cum
1322 1205 1506 1251 Samnite

188 1271 342 1316 liceat?

146 1345 172 1380 4
244 1335 300 1380 In
319 1334 491 1380 civitate
511 1334 574 1379 ira
590 1333 769 1392 odioque
791 1337 963 1379 ardente
984 1333 1162 1379 dilectus
1177 1349 1306 1393 prope
1322 1334 1507 1380 omnium

186 1399 516 1444 voluntariorum
557 1399 663 1444 fuit:
696 1399 912 1456 rescrIptae
951 1414 1005 1444 ex
1045 1399 1190 1444 eodem
1223 1398 1356 1444 milite
1389 1413 1507 1444 novae

147 1475 170 1511 5
186 1463 372 1522 legiones
406 1463 642 1521 ductusque
673 1463 726 1507 ad
757 1463 964 1508 Caudium
995 1463 1217 1508 exercitus.
1280 1462 1508 1520 Praegressi

188 1527 355 1573 feciales
395 1527 470 1572 ubi
509 1527 562 1572 ad
600 1531 765 1586 portam
801 1543 965 1583 venere,
999 1531 1160 1573 vestem
1196 1526 1360 1572 detrahi
1393 1527 1507 1585 pacis

145 1605 166 1640 6
185 1592 455 1650 sponsoribus
473 1591 636 1650 jubent,
659 1607 807 1636 manus
828 1595 925 1650 post
952 1594 1120 1650 tergum
1145 1591 1306 1637 vinciri.
1368 1592 1507 1645 Quum

184 1657 396 1714 apparitor
423 1655 674 1701 verecundia
701 1655 935 1713 majestatis
963 1656 1176 1700 Postumii
1195 1655 1288 1701 laxe
1315 1655 1504 1709 vinciret,

186 1723 209 1744 “
226 1721 341 1769 Quin
361 1721 439 1765 tu’'
457 1720 596 1778 inquit
619 1719 836 1765 “adduces
853 1720 987 1764 lorum
1008 1723 1058 1764 ut
1074 1720 1193 1778 justa
1207 1720 1280 1764 fiat
1296 1719 1505 1764 deditio!”

144 1795 165 1835 7
182 1785 291 1829 Tum
321 1784 394 1830 ubi
424 1785 468 1829 in
497 1789 652 1830 coetum
685 1784 934 1829 Samnitium
965 1787 1008 1829 et
1039 1784 1092 1828 ad
1120 1783 1305 1829 tribunal
1331 1787 1506 1829 ventum

182 1849 326 1895 Pontii
352 1852 430 1902 est,
454 1850 505 1893 A.
530 1848 749 1893 Cornelius
770 1848 930 1892 Arvina
956 1848 1113 1893 fecialis
1142 1849 1203 1893 ita
1222 1847 1349 1893 verba
1378 1848 1504 1894 fecit:

186 1917 211 1936 “
230 1913 488 1971 Quandoque
508 1913 624 1958 hisce
644 1912 833 1957 homines
854 1912 1017 1971 injussu
1037 1912 1178 1971 populi
1200 1912 1381 1957 Romani
1402 1912 1507 1961 Qni-

184 1977 328 2023 ritium
349 1977 487 2023 foedus
515 1978 645 2023 ictum
674 1977 726 2022 iri
747 1976 1062 2035 spoponderunt
1082 1979 1208 2034 atque
1232 1976 1286 2021 ob
1307 1992 1397 2021 eam
1418 1992 1506 2022 rem

182 2056 335 2086 noxam
355 2045 605 2094 nocuerunt,
627 2041 680 2087 ob
709 2056 801 2086 eam
827 2055 1059 2099 rem—quo
1086 2040 1266 2098 populus
1289 2041 1505 2086 Romanus

183 2106 337 2151 scelere
367 2106 494 2164 impio
524 2106 582 2151 sit
603 2105 953 2150 solutus—hosce
983 2105 1170 2149 homines
1200 2104 1318 2149 vobis
1354 2103 1503 2149 dedo.”

145 2182 167 2220 8
185 2170 291 2216 I-Ioee
311 2170 467 2215 dicenti
487 2170 623 2215 feciali
643 2169 889 2215 Postumius
916 2185 1027 2227 genu
1047 2169 1185 2214 femur
1212 2172 1369 2227 quanta
1390 2184 1506 2213 max-

184 2235 266 2282 ime
296 2239 462 2296 poterat
491 2235 533 2282 vi
560 2234 738 2297 perculit
769 2239 812 2281 et
843 2234 954 2281 clara
983 2248 1084 2282 voce
1115 2234 1174 2280 ait
1201 2249 1247 2280 se
1275 2234 1504 2284 Samnitem
