1649 2452
274 78 352 116 500
591 77 638 116 Τ.
667 75 818 114 LIVIl
850 75 1269 114 HISTORIARUM
1387 128 1434 166 [Δ
1457 129 1483 160 c
1512 129 1574 161 834

207 177 254 215 11
272 169 471 229 suffragio
491 169 602 215 data.
654 169 866 214 Cumanos
888 169 1245 226 Suessulanosque
1273 168 1460 226 ejusdem
1477 170 1586 228 juris

206 237 255 276 12
271 234 603 292 conditionisque
624 236 746 290 cujus
775 233 962 290 Capuam
984 248 1076 278 esse
1103 233 1272 291 placuit.
1333 233 1477 278 Naves
1497 235 1586 278 An-

268 297 437 342 tiatium
468 298 622 355 partim
651 298 695 341 in
725 296 889 341 navalia
918 297 1064 342 Romae
1095 296 1314 342 subductae
1344 297 1497 354 partim
1522 298 1586 342 in-

269 376 415 418 censae,
436 362 668 419 rostrisque
696 376 839 405 earum
866 367 1114 418 suggestum
1135 362 1180 405 in
1199 361 1291 405 foro
1319 365 1583 407 exstructum

267 425 461 470 adornari
480 425 652 483 placuit,
667 425 910 482 Rostraque
929 425 974 469 id
993 425 1196 483 templum
1218 425 1484 483 appellatum.

153 488 248 543 (15)
325 489 372 533 C.
398 489 581 546 Sulpicio
621 489 772 547 Longo
812 489 861 533 P.
884 489 996 533 AElio
1026 489 1145 534 Paeto
1175 489 1416 534 consulibus
1452 505 1582 547 quum

264 553 404 597 omnia
429 568 515 597 non
542 567 643 610 opes
673 554 807 610 magis
839 553 1041 597 Romanae
1069 568 1193 611 quam
1219 553 1430 598 beneficiis
1460 557 1582 612 parta

263 618 400 675 gratia
419 616 529 662 bona
548 632 650 674 pace
671 616 897 670 obtineret,
913 617 1025 661 inter
1047 617 1251 661 Sidicinos
1272 619 1580 676 Auruncosque

221 680 418 725 2bellum
458 684 612 725 ortum.
673 681 865 726 Aurunci
904 681 951 725 Τ.
975 681 1136 724 Manlio
1177 681 1346 726 consule
1385 683 1430 725 in
1465 680 1579 726 dedi-

259 745 418 789 tionem
446 745 606 802 accepti
626 745 730 788 nihil
758 744 907 789 deinde
933 749 1177 789 moverant:
1211 760 1260 789 eo
1281 746 1452 803 petendi
1476 761 1578 790 aux-

217 808 319 853 3ilii
350 808 402 853 ab
442 809 646 853 Romanis
688 824 815 853 causa
843 809 999 866 justior
1032 809 1124 852 fuit.
1189 808 1272 853 Sed
1303 810 1419 866 prius
1452 825 1577 868 quam

257 873 448 918 consules
488 873 540 918 ab
570 872 914 931 urbe-jusserat
945 873 1056 918 enim
1088 877 1258 918 senatus
1289 873 1455 919 defendi
1485 876 1575 920 Au-

254 937 700 982 runcos—exercitum
729 937 967 992 educerent,
995 937 1106 981 fama
1134 937 1323 982 adfertur
1350 940 1574 984 Auruncos

253 1004 372 1045 metu
391 1001 589 1059 oppidum
621 1001 854 1046 deseruisse
881 1002 1166 1060 profugosque
1194 1017 1288 1046 cum
1321 1003 1572 1060 conjugibus

251 1079 300 1110 ac
339 1065 481 1110 liberis
524 1067 721 1111 Suessam
761 1067 1053 1119 communisse,
1093 1082 1184 1124 quae
1225 1082 1337 1111 nunc
1370 1068 1573 1113 Aurunca

251 1130 469 1188 appellata,
493 1131 646 1176 moenia
673 1132 846 1189 antiqua
872 1145 1017 1175 eorum
1044 1130 1273 1189 urbemque
1301 1131 1353 1176 ab
1377 1132 1570 1178 Sidicinis

210 1193 441 1240 4deletam.
503 1195 570 1240 Ob
601 1211 652 1240 ea
681 1196 869 1240 infensus
901 1195 1142 1240 consulibus
1175 1200 1358 1249 senatus,
1392 1212 1570 1255 quorum

247 1260 515 1304 cunctatione
542 1259 700 1318 proditi
728 1260 831 1304 socii
861 1263 1015 1313 essent,
1039 1259 1286 1304 dictatorem
1316 1260 1398 1305 dici
1413 1261 1566 1318 jussit:

247 1322 385 1368 dictus
418 1325 462 1369 G.
487 1324 688 1369 Claudius
719 1323 974 1382 Regillensis
1013 1325 1262 1382 magistrum
1298 1325 1487 1383 equitum
1520 1326 1567 1370 C.

208 1387 470 1432 5Claudium
502 1389 780 1433 Hortatorem
815 1388 934 1432 dixit.
996 1388 1163 1446 Religio
1196 1388 1292 1433 inde
1327 1389 1481 1446 injecta
1515 1390 1567 1435 de

244 1450 450 1497 dictatore
477 1456 533 1506 et,
559 1469 687 1511 quum
719 1468 899 1511 augures
926 1452 1031 1496 vitio
1061 1456 1248 1497 creatum
1277 1452 1409 1497 videri
1439 1453 1565 1499 dixis-

243 1520 351 1570 sent,
382 1517 564 1562 dictator
593 1518 878 1576 magisterque
908 1518 1098 1574 equitum
1134 1532 1179 1561 se
1208 1517 1462 1575 magistratu
1493 1518 1564 1564 ab·

201 1580 449 1628 fidicarunt.
514 1582 578 1626 Eo
615 1597 721 1626 anno
757 1582 947 1626 Minucia
979 1581 1164 1625 Vestalis
1201 1587 1397 1638 suspecta
1428 1582 1562 1639 primo

239 1650 414 1704 propter
452 1646 712 1690 mundiorem
753 1646 871 1704 justo
912 1645 1085 1698 cultum,
1127 1645 1368 1690 insimulata
1412 1646 1561 1692 deinde

239 1710 353 1769 apud
383 1711 601 1769 pontifices
633 1711 684 1755 ab
714 1710 851 1755 indice
888 1725 1020 1762 servo,
1053 1725 1183 1766 quum
1215 1709 1384 1755 decreto
1415 1726 1560 1757 eorum

231 1777 356 1832 jussa
395 1778 507 1820 esset
544 1776 673 1820 sacris
710 1774 920 1820 abstinere
956 1774 1236 1832 familiamque
1270 1774 1315 1818 in
1346 1780 1558 1832 potestate

237 1839 402 1892 habere,
426 1840 538 1884 facto
562 1839 721 1898 judicio
748 1840 844 1884 viva
874 1838 952 1883 sub
980 1843 1136 1882 terram
1166 1837 1218 1882 ad
1245 1842 1409 1896 portam
1431 1840 1558 1885 Colli-

235 1919 330 1948 nam
355 1903 504 1948 dextra
522 1904 590 1948 via
620 1908 756 1948 strata
776 1903 943 1948 defossa
965 1902 1175 1947 Scelerato
1196 1915 1355 1960 campo.
1417 1904 1554 1950 Credo

182 1976 222 2027 27
237 1967 288 2012 ab
315 1968 476 2012 incesto
504 1967 547 2012 id
576 1968 614 2013 ei
644 1967 735 2012 loco
763 1982 916 2011 nomen
942 1968 1114 2011 sactum.
1175 1966 1334 2011 Eodem
1363 1983 1471 2014 anno
1496 1970 1552 2019 Q..

234 2031 442 2076 Publilius
482 2032 604 2077 Philo
644 2036 800 2090 praetor
835 2032 1012 2089 primum
1055 2030 1105 2074 de
1145 2030 1264 2088 plebe
1305 2031 1553 2080 adversante

236 2095 420 2153 Sulpicio
455 2096 638 2150 consule,
674 2096 746 2155 qui
777 2095 959 2154 negabat
991 2095 1196 2139 rationem
1231 2098 1322 2152 ejus
1358 2112 1403 2141 se
1438 2097 1550 2143 habi-

233 2164 390 2215 turum,
422 2164 487 2205 est
530 2161 666 2206 factus
706 2164 869 2213 senatu,
902 2175 1030 2218 quum
1071 2159 1115 2203 in
1155 2160 1327 2204 summis
1362 2161 1550 2220 imperiis

233 2223 278 2278 id
297 2239 383 2276 non
401 2223 669 2284 obtinuisset,
686 2227 830 2277 minus
851 2224 895 2272 in
914 2227 1097 2291 praetura
1116 2223 1375 2277 intendente.
