1649 2452
613 302 796 350 TITI
867 301 1092 350 LIVII

283 465 422 536 AB
498 464 814 538 URBE
892 463 1433 537 CONDITA

534 626 1185 676 HISTORIARUM.

700 850 887 895 LIBER.
918 851 1024 895 VH.

123 1025 188 1076 (1)
258 1023 420 1065 ANNUS
447 1021 515 1065 hio
546 1021 625 1065 erit
653 1022 830 1081 insignis
861 1023 960 1067 novi
988 1021 1165 1065 hominis
1195 1020 1428 1073 consulatu,
1459 1021 1520 1064 iu-

201 1085 330 1142 signis
366 1085 485 1129 novis
519 1085 682 1130 duobus
715 1086 1048 1145 magistratibus,
1084 1090 1268 1142 praetura
1303 1088 1345 1129 et
1387 1084 1521 1129 curuli

163 1159 186 1195 2
201 1150 411 1194 aedilitate.
474 1150 568 1194 Hos
591 1150 670 1195 sibi
691 1151 857 1209 patricii
878 1151 1106 1209 quaesivere
1127 1149 1306 1193 honores
1328 1164 1403 1207 pro
1425 1164 1522 1192 con-

166 1226 186 1258 ὅ
201 1229 318 1258 cesso
340 1214 450 1272 plebi
467 1214 598 1259 altero
612 1215 846 1259 consulatu.
901 1215 1049 1259 Plebes
1072 1213 1336 1259 consulatum
1352 1213 1402 1258 L.
1424 1213 1522 1257 Sex-

201 1278 273 1331 tio,
295 1282 417 1335 cujus
438 1278 531 1336 lege
553 1284 699 1337 partus
728 1284 830 1332 erat,
856 1279 996 1324 dedit:
1030 1283 1172 1336 patres
1201 1282 1427 1335 praeturam
1450 1278 1521 1333 Sp.

200 1342 530 1387 Furio—Marci
556 1343 891 1395 filio—Camillo,
915 1343 1156 1388 aedilitatem
1180 1342 1298 1386 Gneo
1320 1341 1524 1390 Quinctio

203 1406 441 1463 Capitolino
483 1411 526 1452 et
567 1408 614 1452 P.
655 1408 852 1452 Cornelio
896 1407 1080 1466 Scipioni
1121 1422 1290 1451 suarum
1332 1406 1524 1464 gentium

202 1471 302 1515 viris
333 1471 470 1529 gratia
500 1474 725 1530 campestri
757 1478 971 1530 ceperunt.
1029 1471 1081 1515 L.
1108 1470 1253 1515 Sextio
1284 1470 1443 1529 collega
1473 1486 1525 1514 ex

166 1535 393 1592 4patribus
416 1535 540 1580 datus
568 1537 620 1580 L.
644 1537 840 1581 AEmilius
869 1536 1125 1580 Mamercus.
1188 1534 1400 1592 Principio
1428 1534 1525 1579 anni

202 1604 247 1643 et
277 1598 329 1643 de
359 1600 500 1653 Gallis,
529 1616 633 1658 quos
665 1602 800 1659 primo
830 1601 992 1658 palatos
1024 1615 1098 1657 per
1127 1599 1322 1656 Apuliam
1353 1614 1526 1657 congre·

203 1663 294 1722 gari
307 1667 398 1721 J‘am
418 1664 530 1708 sarna
549 1670 652 1718 erat,
672 1670 715 1710 et
737 1665 788 1710 de
809 1665 1093 1710 Hernicorum
1111 1663 1345 1709 defectione
1365 1664 1526 1722 agitata

168 1728 374 1776 5mentio.
438 1729 582 1777 Quum
615 1730 666 1774 de
695 1730 905 1774 industria
939 1729 1090 1784 omnia,
1122 1744 1174 1772 ne
1206 1727 1306 1786 quid
1336 1743 1411 1786 per
1441 1727 1525 1786 ple-

204 1792 344 1838 beium
376 1793 590 1839 consulem
621 1799 830 1853 ageretur,
863 1794 1165 1853 proferrentur,
1195 1793 1406 1837 silentium
1439 1807 1527 1836 om-

204 1858 321 1902 nium
356 1874 495 1903 rerum
533 1875 581 1904 ac
611 1860 781 1918 justitio
814 1859 948 1904 simile
984 1858 1118 1903 otium
1162 1857 1257 1910 fuit,
1290 1858 1372 1901 nisi
1414 1856 1527 1914 quod

205 1937 290 1966 non
329 1923 588 1980 patientibus
628 1924 806 1968 tacitum
847 1923 1042 1976 tribunis,
1087 1921 1199 1980 quod
1239 1936 1315 1979 pro
1356 1921 1526 1966 consule

206 2001 291 2030 uno
322 1986 489 2044 plebeio*
514 1991 602 2033 tres
634 1988 832 2046 patricios
864 1987 1137 2045 magistratus
1168 1985 1383 2030 curulibus
1415 1985 1526 2030 sellis

206 2055 480 2110 praetextatos
511 2056 726 2111 tamquam
757 2051 949 2097 consules
985 2050 1178 2096 sedentes
1211 2049 1406 2094 nobilitas
1448 2049 1527 2094 sibi

209 2116 471 2174 sumpsisset,
500 2124 721 2174 praetorem
744 2117 911 2175 quidem
940 2115 1065 2160 etiam
1081 2117 1182 2172 juxa
1212 2113 1456 2158 reddentem
1484 2123 1527 2158 et

209 2180 411 2238 collegam
451 2181 691 2226 consulibus
733 2187 859 2241 atque
906 2179 1041 2225 isdem
1081 2178 1277 2237 auspiciis
1324 2182 1526 2232 creatum,

209 2245 463 2292 verecundia
499 2245 598 2292 inde
626 2246 825 2305 imposita
863 2249 930 2292 est
959 2244 1127 2290 senatui
1155 2259 1210 2290 ex
1238 2242 1430 2302 patribus
1456 2245 1528 2302 ju·
