1649 2452
260 129 340 167 436
580 128 626 169 Τ.
650 127 802 167 LIVII
835 126 1254 166 HISTORIARUM
1379 177 1426 217 [A
1453 179 1478 209 c
1506 179 1565 211 356

221 226 356 268 'Icum
381 221 434 266 iis
459 221 572 266 intra.
605 223 750 279 portas
780 220 1098 278 compelluntur.
1158 219 1343 279 Egregie
1371 235 1500 277 quum
1528 220 1580 264 ab

219 294 244 332 8
261 285 465 330 dictatore
485 289 578 329 tum
599 286 650 330 ab
672 286 841 330 consule
862 301 928 329 res
950 288 1072 344 gesta
1092 287 1170 329 est.
1230 284 1289 329 Et
1311 284 1456 328 consul
1476 283 1583 328 alter

259 350 416 395 Fabius
458 351 614 407 proeliis
655 351 838 408 primum
877 351 1017 408 parvis
1057 357 1272 408 postremo
1310 365 1396 394 una
1428 349 1583 408 insigni

259 430 413 473 pugna,
439 430 568 472 quum
595 415 739 459 hostes
759 415 864 458 totis
885 415 1022 459 adorti
1042 414 1171 472 copiis
1197 417 1350 469 essent,
1371 414 1582 458 Hernicos

220 485 245 522 9
261 479 457 524 devincit.
518 479 716 523 Dictator
744 478 986 524 consulibus
1011 479 1058 523 in
1085 482 1235 524 senatu
1256 482 1299 522 et
1321 477 1432 536 apud
1451 493 1585 535 popu-

260 543 349 587 lum
369 543 588 601 magnifice
616 542 862 587 collaudatis
891 546 934 587 et
956 558 1127 587 suarum
1155 557 1321 601 quoque
1342 558 1482 587 rerum
1502 541 1583 586 illis

198 615 247 652 10
261 607 434 651 remisso
454 607 612 650 honore
630 606 840 650 dictatura
860 622 905 651 se
926 607 1147 651 abdicavit.
1203 606 1395 651 Poetilius
1417 606 1468 650 de
1490 605 1584 650 Gal-

259 670 311 715 lis
332 670 661 728 Tiburtibusque
682 671 896 728 geminum
924 670 1184 727 triumphum
1206 671 1306 728 egit,
1329 670 1459 714 Fabio
1481 670 1584 719 satis

198 739 244 778 11
261 736 397 780 visum
427 739 477 779 ut
507 750 634 779 ovans
665 735 813 779 urbem
841 735 981 779 iniret.
1042 734 1226 779 Irridere
1255 734 1408 779 Poetilii
1437 735 1586 778 trium-

260 799 392 857 phum
411 799 634 843 Tiburtes:
666 799 740 844 ubi
767 799 879 843 enim
907 815 1003 844 eum
1031 814 1174 843 secum
1200 798 1287 842 acie
1315 798 1582 842 conflixisse?

262 866 522 920 spectatores
539 877 695 920 paucos
715 863 828 921 fugae
843 863 1218 921 trepidationisque
1236 862 1449 907 Gallorum
1465 867 1586 907 extra

261 930 405 984 portas
434 942 637 999 egressos,
666 931 889 986 postquam
917 928 962 972 in
989 943 1036 972 se
1067 943 1232 986 quoque
1261 927 1353 971 fieri
1381 927 1586 999 impetum

261 991 444 1036 viderint
483 995 527 1036 et
563 992 652 1036 sine
688 991 926 1036 discrimine
966 992 1110 1037 obvios
1146 991 1261 1045 caedi,
1298 992 1505 1049 recepisse
1539 1007 1586 1036 se

262 1057 376 1101 intra
413 1057 585 1102 urbem:
618 1073 711 1102 eam
750 1073 838 1102 rem
874 1058 1087 1116 triumpho
1123 1057 1292 1116 dignam
1327 1058 1458 1102 visam
1497 1057 1587 1102 Ro-

263 1121 421 1165 manis:
453 1137 508 1166 ne
534 1121 658 1166 nimis
684 1121 838 1166 mirum
867 1137 1150 1180 magnumque
1181 1126 1400 1166 censerent
1429 1121 1587 1166 tumul-

264 1189 357 1229 tum
392 1186 555 1230 exciere
589 1186 635 1230 in
669 1186 855 1231 hostium
890 1186 1036 1243 portis,
1075 1186 1270 1244 majorem
1311 1187 1424 1244 ipsos
1459 1186 1587 1244 trepi-

149 1246 248 1300 (12)
265 1249 476 1294 dationem
511 1253 610 1295 ante
639 1251 792 1295 moenia
823 1266 900 1294 sua
929 1251 1104 1295 visuros.
1166 1251 1318 1309 Itaque
1348 1251 1587 1309 insequenti

265 1329 374 1358 anno
405 1314 470 1360 M.
491 1314 656 1372 Popilio
683 1315 858 1359 Laenate
889 1315 966 1359 Cn.
989 1314 1150 1360 Manlio
1181 1315 1421 1360 consulibus
1452 1315 1587 1373 primo

265 1379 432 1424 silentio
472 1380 610 1424 noctis
651 1379 702 1424 ab
738 1379 894 1424 Tibure
929 1380 1094 1438 agmine
1130 1379 1285 1424 infesto
1321 1379 1500 1438 profecti
1534 1379 1586 1424 ad

226 1449 248 1486 2
264 1443 409 1488 urbem
438 1443 620 1488 Romam
647 1448 867 1489 venerunt.
927 1444 1147 1489 Terrorem
1174 1447 1348 1502 repente
1368 1459 1421 1489 ex
1441 1459 1587 1489 somno

265 1508 460 1553 excitatis
489 1508 630 1554 subita
656 1524 724 1553 res
746 1512 790 1553 et
809 1514 1042 1553 nocturnus
1069 1523 1200 1565 pavor
1220 1509 1411 1567 praebuit,
1435 1508 1487 1553 ad
1506 1509 1587 1555 hoc

264 1572 495 1619 multorum
528 1573 708 1626 inscitia,
747 1573 821 1632 qui
855 1582 929 1618 aut
971 1573 1081 1618 unde
1120 1573 1264 1618 hostes
1305 1573 1585 1619 advenissent.

225 1641 250 1679 3
266 1636 585 1681 Conclamatum
623 1640 767 1682 tamen
801 1638 993 1682 celeriter
1033 1638 1085 1682 ad
1125 1653 1240 1682 arma
1275 1642 1340 1682 est
1375 1642 1418 1682 et
1453 1642 1586 1696 portae

264 1701 519 1746 stationibus
559 1703 753 1760 murique
793 1702 996 1760 praesidiis
1032 1703 1210 1747 firmati:
1243 1706 1298 1756 et,
1340 1703 1413 1747 ubi
1452 1703 1586 1761 prima

263 1765 339 1810 lux
365 1765 617 1811 mediocrem
645 1766 960 1812 multitudinem
988 1771 1086 1812 ante
1112 1767 1264 1812 moenia
1292 1782 1427 1825 neque
1458 1767 1585 1812 alium

265 1845 390 1888 quam
416 1830 636 1876 Tiburtem
662 1831 828 1876 hostem
855 1831 1054 1886 ostendit,
1084 1831 1245 1876 duabus
1273 1832 1404 1889 portis
1427 1832 1586 1890 egressi

265 1894 457 1940 consules
497 1896 709 1955 utrimque
750 1897 880 1941 aciem
916 1896 1186 1942 subeuntium
1215 1897 1301 1954 jam
1335 1911 1477 1940 muros
1513 1896 1586 1941 ad-

264 1959 540 2017 grediuntur:
574 1961 850 2019 apparuitque
877 1962 1094 2007 occasione
1120 1961 1252 2020 magis
1281 1977 1406 2020 quam
1425 1961 1584 2006 virtute

265 2026 399 2070 fretos
426 2026 603 2080 venisse,
633 2027 736 2072 adeo
763 2028 836 2073 vix
861 2028 1042 2086 primum
1068 2028 1271 2086 impetum
1298 2028 1585 2072 Romanorum

224 2099 251 2137 4
266 2090 516 2136 sustinuere.
569 2093 681 2145 Quin
701 2093 827 2137 etiam
848 2093 957 2138 bono
977 2093 1108 2137 fuisse
1135 2093 1336 2137 Romanis
1358 2092 1584 2137 adventum

266 2171 410 2200 eorum
432 2156 665 2211 constabat,
687 2157 973 2216 orientemque
995 2161 1083 2215 jam
1113 2157 1357 2202 seditionem
1379 2157 1490 2202 inter
1513 2172 1584 2214 pa-

265 2223 352 2264 tres
375 2224 417 2263 et
439 2220 598 2277 plebem
622 2227 738 2266 metu
760 2227 842 2265 tam
868 2223 1089 2279 propinqui
1113 2222 1204 2266 belli
1230 2237 1518 2271 compressam.

228 2292 250 2328 5
335 2285 443 2327 &1³:10
469 2318 487 2326 ,.
507 2285 669 2328 ivamus
704 2288 879 2330 hosfium
916 2289 988 2331 ιιιῗῒ
1024 2287 1338 2331 1111111111-’111111
1369 2287 1476 2331 acris
1500 2293 1583 2331 ter-
