1649 2452
494 34 603 73 LIB.
634 33 758 74 VIII.
792 37 854 82 12,
878 37 936 74 13.
1299 36 1378 75 497

59 86 104 117 Δ.
122 85 160 118 c.
177 84 270 128 aaa]

58 127 172 185 quod
191 131 280 172 tres
299 126 416 186 leges
437 127 759 173 secundissimas
780 127 916 186 plebei
943 126 1139 172 adversas
1165 125 1378 172 nobilitati

55 191 170 245 tulit,
206 207 334 236 unam
374 196 424 236 ut
465 191 577 250 plebi
615 193 722 237 scita
761 208 904 237 omnes
940 192 1132 241 Quirites
1167 195 1374 245 tenerent,

55 255 231 300 alteram
262 259 316 300 ut
350 255 505 314 legum,
538 272 631 314 quae
662 257 842 301 comitiis
873 256 1119 301 centuriatis
1150 256 1374 309 ferrentur,

55 324 154 366 ante
191 321 344 366 initum
384 321 631 380 suffragium
672 327 813 380 patres
853 326 1046 366 auctores
1086 321 1247 374 fierent,
1290 325 1377 366 ter·

54 384 158 429 tiam
177 389 228 429 ut
255 385 361 430 alter
390 386 538 443 utique
569 401 621 430 ex
648 386 780 443 plebe,
805 403 934 445 quum
964 401 1014 430 eo
1040 389 1215 430 ventum
1244 386 1299 430 sit
1327 391 1375 429 ut

53 452 281 507 utrumque
301 449 510 507 plebeium
531 450 621 494 fieri
642 450 800 500 liceret,
822 466 970 495 censor
995 455 1221 495 crearetur.
1272 449 1374 494 Plus
1398 457 1443 494 12

54 527 105 558 eo
131 528 240 558 anno
267 513 379 558 domi
407 518 627 572 acceptum
657 514 785 559 cladis
817 515 868 559 ab
897 514 1137 559 consulibus
1165 529 1213 558 ac
1244 513 1376 558 dicta-

52 580 147 622 tore
181 593 306 636 quam
341 593 395 622 ex
428 578 606 623 victoria
639 594 782 623 eorum
824 579 1065 636 bellicisque
1104 577 1230 623 rebus
1271 577 1373 623 foris

53 645 224 687 auctum
244 642 464 700 imperium
486 647 627 701 patres
649 643 886 688 credebant.

110 707 236 751 Anno
262 707 502 764 insequenti
528 707 580 751 L.
603 707 732 752 Furio
761 708 935 752 Camillo
966 707 1014 752 C.
1037 707 1194 752 Maeuio
1222 722 1372 752 consu·
1387 705 1486 761 (13)

52 769 174 824 libus,
198 786 281 830 quo
301 771 545 829 insignitius
566 772 720 816 omissa
739 788 807 816 res
827 773 999 816 AEmilio
1021 772 1246 830 superioris
1275 772 1373 816 anni

51 834 214 880 consuli
234 834 570 892 exprobraretur,
594 835 756 880 Pedum
778 837 904 880 armis
926 837 1108 895 virisque
1130 842 1172 881 et
1198 836 1312 881 omni
1330 837 1373 881 vi

50 900 378 958 expugnandum
412 915 461 944 ac
496 899 719 945 delendum
759 906 930 946 senatus
965 901 1120 956 fremit,
1157 901 1374 959 coactique

50 964 150 1008 novi
169 963 362 1009 consules
383 963 577 1009 omnibus
599 980 690 1009 eam
710 981 799 1010 rem
818 966 1014 1023 praeverti
1036 966 1369 1023 proficiscuntur.

50 1028 151 1072 Jam
169 1028 297 1073 Latio
316 1029 353 1073 is
375 1033 514 1073 status
535 1033 626 1074 erat
646 1045 788 1074 rerum
809 1035 858 1074 ut
887 1046 1022 1088 neque
1052 1029 1205 1075 bellum
1234 1044 1370 1088 neque
1387 1038 1411 1075 2

52 1107 197 1150 pacem
217 1093 307 1151 pati
328 1097 526 1151 possent:
560 1093 613 1138 ad
633 1093 787 1139 bellum
815 1109 916 1152 opes
945 1095 1129 1147 deerant,
1152 1109 1297 1152 pacem
1318 1093 1371 1139 ob

51 1157 142 1216 agri
170 1156 355 1216 adempti
385 1157 571 1203 dolorem
598 1159 941 1216 aspernabantur.
1003 1159 1159 1203 Mediis
1188 1158 1370 1203 consiliis
1387 1166 1411 1202 3

51 1223 248 1268 standum
268 1222 490 1268 videbatur
510 1226 560 1267 ut
581 1223 744 1281 oppidis
766 1239 811 1268 se
840 1231 1046 1276 tenerent,
1069 1239 1121 1268 ne
1150 1223 1371 1267 lacessitus

51 1288 270 1333 Romanus
297 1303 465 1332 causam
494 1287 593 1332 belli
621 1286 794 1332 haberet
822 1292 878 1343 et,
907 1288 943 1332 si
973 1288 1094 1346 cujus
1123 1287 1266 1345 oppidi
1295 1287 1371 1332 ob-

51 1351 157 1396 sidio
178 1351 373 1396 nuntiata
393 1355 517 1404 esset,
542 1351 727 1410 undique
755 1367 808 1396 ex
835 1351 1028 1396 omnibus
1057 1352 1222 1410 populis
1254 1352 1370 1396 auxi-

50 1415 153 1460 lium
182 1415 363 1460 obsessis
394 1416 588 1460 ferretur.
649 1416 802 1474 Neque
829 1420 972 1460 tamen
1000 1416 1082 1460 nisi
1103 1415 1325 1460 admodum
1347 1425 1411 1461 a-l·

50 1480 195 1538 paucis
216 1480 380 1538 populis
408 1479 567 1524 Pedani
597 1479 734 1538 adjuti
761 1485 886 1525 sunt:
919 1480 1116 1525 Tiburtes
1145 1480 1371 1525 Praeuesti-

50 1545 176 1603 nique
217 1559 394 1603 quorum
436 1559 536 1602 ager
574 1545 744 1602 propior
784 1550 874 1589 erat
914 1545 1074 1590 Pedum
1117 1560 1367 1602 pervenere:

49 1611 244 1656 Aricinos
265 1611 593 1668 Lanuvinosque
614 1614 657 1654 et
672 1608 914 1653 Veliternos
935 1609 1181 1653 Antiatibus
1198 1609 1368 1653 Vulscis

50 1690 96 1720 se
126 1675 432 1733 conjungentes
464 1674 516 1718 ad
547 1676 715 1718 Asturae
746 1675 904 1718 flumen
934 1674 1117 1718 Maenius
1146 1674 1371 1732 improviso

50 1739 223 1784 adortus
263 1739 388 1783 fudit.
451 1737 653 1782 Camillus
693 1737 745 1781 ad
785 1738 948 1782 Pedum
988 1753 1083 1782 cum
1124 1737 1411 1782 Tiburtibus-5

49 1804 230 1848 maxime
258 1802 396 1847 valido
426 1803 616 1847 exercitu
644 1803 801 1859 majore
831 1802 940 1846 mole
971 1817 1220 1860 quamquam
1255 1817 1372 1859 aeque

50 1882 250 1925 prospero
271 1871 426 1912 eventu
447 1870 621 1926 pugnat.
682 1866 927 1910 Tumultum
948 1866 1127 1910 maxime
1155 1866 1373 1924 repentina
1387 1874 1410 1909 6

51 1932 163 1976 inter
183 1931 373 1989 proelium
398 1932 564 1987 eruptio
585 1930 887 1988 oppidanorum
909 1930 1022 1982 fecit,
1047 1931 1091 1974 iu
1119 1945 1223 1988 quos
1251 1934 1370 1988 parte

51 1996 262 2040 exercitus
297 2011 499 2041 conversa
534 1995 735 2040 Camillus
770 2010 855 2039 non
891 1994 1093 2053 compulit
1126 1994 1262 2039 solum
1298 2010 1370 2040 eos

51 2059 164 2104 intra
183 2061 335 2105 moenia
355 2059 430 2105 sed
450 2059 593 2105 eodem
611 2061 738 2104 etiam
755 2059 833 2113 die,
847 2075 980 2117 quum
999 2059 1114 2118 ipsos
1134 2059 1370 2117 auxiliaque

54 2141 198 2171 eorum
229 2127 492 2185 perculisset,
512 2125 712 2184 oppidum
741 2124 863 2169 scalis
894 2124 1018 2182 cepit.
1079 2123 1246 2168 Placuit
1272 2123 1369 2168 inde
1388 2132 1409 2171 7

47 2189 138 2250 jam
171 2192 327 2250 majore
362 2194 518 2238 conatu
550 2190 773 2246 animoque
807 2188 859 2235 ab
898 2187 1025 2235 unius
1060 2189 1370 2249 expugnatione

106 2267 180 2300 uv-
197 2270 295 2301 am·-
313 2270 338 2301 ι.
674 2267 703 2301 K
725 2254 752 2300 k
1180 2251 1186 2255 ⁵
