1649 2452
516 59 627 99 LIB.
659 60 760 100 VII.
791 63 853 107 38,
875 62 940 100 39.
1290 60 1370 102 473

46 113 481 213 gosssiiifflxsequendi
504 155 726 198 militarem
748 155 953 212 impetum
985 154 1201 206 frustram,
1227 168 1369 196 rumo-

46 237 134 265 rem
169 221 344 278 dissipat
379 221 424 264 in
459 220 595 264 isdem
630 220 794 278 oppidis
825 227 868 264 ct
900 234 1007 263 anno
1044 224 1140 276 post
1176 219 1371 277 praesidia

46 285 328 331 hibernatura.
389 285 540 331 Divisa
569 285 681 330 enim
711 290 831 329 erant
862 299 938 343 per
967 283 1206 342 Campaniae
1239 283 1366 328 urbes
1381 288 1406 326 6

45 352 399 409 manaverantque
422 365 448 395 a
475 349 623 408 Capua
650 349 826 395 consilia
851 350 897 394 in
922 349 1158 395 exercitum
1185 363 1366 393 omnem.

45 415 110 460 Eo
128 414 370 460 laxamento
398 414 726 473 cogitationibus
757 414 857 460 dato
885 414 1044 473 quievit
1071 414 1116 459 in
1145 413 1369 473 praesentia
1383 418 1405 458 7

45 479 209 525 seditio.
271 479 432 524 Consul
459 476 612 524 educto
643 479 687 523 in
719 480 866 524 aestiva
895 479 1040 532 milite,
1071 478 1171 523 dum
1203 479 1367 537 quietos
1383 473 1487 527 (39)

47 544 255 589 Samnites
285 543 481 597 habebat,
511 544 743 588 exercitum
773 559 954 602 purgare
981 543 1250 588 missionibus
1279 546 1370 587 tur-

44 607 314 653 bulentorum
354 608 571 653 hominum
612 608 814 661 instituit,
847 608 938 653 aliis
979 607 1154 653 emerita
1193 607 1370 652 dicendo

45 672 255 731 stipendia
284 688 389 727 esse,
423 673 527 718 alios
558 688 708 732 graves
733 676 823 730 jam
854 676 980 717 aetate
1009 676 1083 717 aut
1110 671 1270 716 viribus
1300 687 1371 730 pa-

45 753 139 782 rum
168 737 358 782 validos:
391 737 559 796 quidam
596 738 641 782 in
670 741 929 782 commeatus
962 737 1252 789 mittebantur,
1286 737 1371 781 sin-

45 801 135 861 guli
174 802 309 860 primo
350 801 501 847 deinde
542 805 585 847 et
616 802 811 846 cohortes
853 801 1055 861 quaedam,
1093 802 1191 859 quia
1224 801 1371 860 procul

45 866 98 912 ab
119 866 242 911 domo
263 882 312 912 ac
332 866 457 912 rebus
480 867 566 912 suis
587 867 911 911 hibernassent.
945 883 1019 924 per
1040 867 1222 924 speciem
1243 867 1370 911 etiam

45 930 289 975 militarium
323 947 491 984 usuum,
525 947 654 990 quum
687 931 755 975 alii
787 931 867 976 3110
903 932 1187 986 mitterentur,
1218 945 1371 989 magna

46 1011 142 1054 pars
170 995 380 1054 ablegati:
415 1011 539 1053 quam
568 995 884 1041 multitudinem
911 996 1059 1041 consul
1089 996 1195 1041 alter
1222 996 1370 1041 Romae

45 1063 283 1118 praetorque
311 1060 412 1105 alias
441 1076 494 1105 ex
523 1060 614 1105 aliis
635 1060 832 1119 fingendo
861 1076 998 1105 moras
1028 1061 1250 1106 retinebat.
1311 1060 1370 1105 Et
1385 1062 1408 1099 2

45 1124 180 1182 primo
201 1123 371 1182 quidem
400 1125 537 1184 ignari
558 1124 854 1170 ludificationis
883 1125 1054 1170 minime
1074 1126 1196 1170 inviti
1224 1125 1370 1170 domos

45 1188 313 1234 revisebant:
345 1195 570 1248 postquam
605 1205 742 1248 neque
775 1192 932 1234 reverti
971 1190 1023 1234 ad
1059 1190 1179 1249 signa
1213 1191 1370 1248 primos

45 1269 123 1299 nec
153 1253 285 1299 ferme
315 1254 442 1299 alium
473 1270 596 1313 quam
630 1255 701 1313 (1111
741 1255 785 1299 111
817 1254 1045 1313 Campania
1075 1255 1370 1300 hibernassent

45 1319 337 1377 praecipueque
364 1334 417 1364 ex
446 1319 512 1364 1115
541 1319 759 1364 seditionis
792 1323 986 1364 auctores
1017 1320 1133 1364 mitti
1159 1319 1368 1373 viderunt,

44 1383 228 1440 primum
263 1383 484 1428 admiratio
519 1383 669 1428 deinde
704 1383 817 1428 haud
851 1383 1003 1428 dubius
1039 1385 1167 1428 timor
1199 1384 1371 1429 incessit

45 1447 219 1501 animos,
261 1447 436 1492 consiiia
476 1463 553 1492 5113
596 1448 824 1501 emanasse,
862 1451 953 1505 jam
995 1448 1247 1506 quaestiones
1281 1453 1370 1506 jam

44 1511 199 1556 indicia
225 1511 312 1569 jam
343 1511 510 1557 occulta
544 1512 806 1571 singulorum
842 1512 1047 1570 supplicia
1080 1513 1372 1571 impotensque

45 1580 89 1621 51
110 1575 279 1621 crudele
301 1576 521 1621 conquum
550 1592 598 1622 ac
627 1582 796 1635 patrum
816 1577 861 1621 in
888 1592 932 1621 se
954 1592 1132 1635 regnum
1159 1592 1369 1635 passuros.

44 1640 154 1686 Haec
189 1641 262 1699 qui
293 1642 338 1685 in
373 1641 523 1686 castris
557 1645 677 1686 erant
715 1641 892 1686 occultis
925 1641 1188 1686 sermonibus
1225 1645 1408 1686 serunt3

45 1720 196 1750 nervos
237 1707 541 1763 conjurationis
583 1709 740 1763 ejectos
782 1710 872 1750 arte
913 1706 1097 1750 consulis
1139 1711 1370 1751 cernentes.

46 1769 208 1814 Cohors
238 1786 325 1814 una
351 1786 485 1828 quum
515 1770 629 1814 haud
659 1770 806 1828 procul
828 1772 1001 1829 Anxyre
1027 1774 1152 1824 55551,
1176 1770 1228 1815 ad
1258 1771 1411 1815 Lau-4

44 1834 157 1879 tulas
187 1834 300 1879 saltu
327 1839 510 1894 angusto
541 1835 653 1879 inter
682 1850 796 1880 mare
828 1850 877 1879 ac
906 1839 1071 1879 montes
1100 1835 1291 1880 consedit
1319 1835 1373 1880 ad

45 1899 326 1957 excipiendos,
348 1915 454 1958 quos
475 1899 621 1945 consul
643 1899 734 1944 aliis
756 1903 882 1957 atque
904 1899 994 1943 aliis
1021 1903 1070 1943 ut
1092 1903 1190 1944 ante
1211 1899 1373 1944 dictum

45 1967 112 2008 est
147 1964 285 2009 causis
325 1964 537 2009 mittebat.
619 1964 715 2008 Jam
750 1963 888 2008 valida
928 1963 1154 2008 admodum
1194 1972 1407 2009 numero5

44 2044 194 2073 manus
229 2032 320 2074 erat
356 2044 434 2074 nec
467 2029 691 2088 quicquam
727 2028 779 2072 ad
807 2028 915 2084 justi
948 2029 1158 2073 exercitus
1194 2029 1371 2074 formam

45 2097 199 2150 praeter
234 2093 383 2138 ducem
423 2093 595 2138 deerat:
642 2092 911 2151 incompositi
950 2092 1094 2151 itaque
1134 2093 1370 2151 praedantes

45 2156 92 2200 in
111 2172 259 2216 agrum
278 2157 491 2202 Albanum
517 2159 770 2216 perveniunt
791 2160 835 2202 et
863 2156 943 2202 sub
957 2159 1066 2216 jugo
1086 2157 1208 2203 AJbae
1235 2156 1372 2216 longae

48 2224 188 2267 castra
219 2221 328 2268 vallo
367 2222 558 2281 cingunt.
619 2222 817 2269 Perfecto
855 2220 954 2268 inde
993 2236 1121 2281 opere
1158 2221 1372 2281 reliquum
1389 2227 1413 2265 6
