1649 2452
521 46 632 86 LlB.
664 46 786 87 viil.
819 47 880 93 13,
905 45 967 85 14.
1290 57 1366 95 499

52 102 155 188 fiii?
171 102 331 189 gafiigere
360 145 410 188 ut
440 142 627 187 omnium
656 157 797 187 rerum
826 142 945 188 vobis
980 142 1034 187 ad
1068 141 1368 188 consulendum

52 212 242 266 potestas
276 211 401 261 esset,
433 211 622 252 vestrum
657 211 722 253 est
759 207 981 252 decernere
1017 207 1130 266 quod
1164 206 1370 264 optimum

51 271 170 317 vobis
190 272 334 330 reique
350 271 525 329 publicae
541 272 639 317 sit.''
700 272 918 330 Principes
939 268 1109 316 senatus
1125 271 1370 316 relationem
1384 274 1479 325 (14)

51 335 235 382 consulis
269 335 321 380 de
351 351 514 380 summa
547 351 687 381 rerum
717 335 887 381 laudare
917 335 1003 388 sed,
1037 351 1166 394 quum
1197 335 1371 379 aliorum

51 416 178 447 causa
197 401 277 446 alia
296 405 420 454 esset,
443 401 505 445 ita
531 401 719 459 expediri
749 417 873 458 posse
902 401 1120 446 consilium
1149 400 1298 453 dicere,
1321 405 1371 446 ut

49 481 126 524 pro
155 466 306 510 merito
336 468 541 523 cujusque
572 470 845 519 statueretur,
879 466 916 510 si
946 465 997 510 de
1028 464 1204 523 singulis
1234 464 1370 509 nomi-

49 530 183 575 natim
213 530 420 575 referrent
460 530 641 588 populis.
704 529 904 575 Relatum
940 530 1071 588 igitur
1107 529 1158 574 de
1193 529 1407 587 singulis2

0 606 2 642 ἓ
49 594 361 652 decretumque.
419 594 653 639 Lanuvinis
675 596 823 640 civitas
845 595 943 639 data
963 609 1162 652 sacraque
1184 609 1260 638 sua
1281 593 1371 638 red-

48 658 139 704 dita
172 674 269 704 cum
299 674 349 704 eo
379 663 429 703 ut
460 658 569 703 aedes
600 659 804 719 lucusque
838 659 1016 717 Sospitae
1046 658 1226 703 Junonis
1260 673 1371 702 com-

47 723 186 768 munis
207 723 440 768 Lanuvinis
469 723 748 781 municipibus
777 739 873 769 cum
901 723 1056 782 populo
1084 723 1277 767 Romano
1307 738 1371 767 es-

48 792 126 834 set.
187 789 351 834 Aricini
370 788 712 847 Nomentanique
733 793 777 834 et
805 788 967 834 Pedani
996 788 1143 833 eodem
1163 789 1258 847 jure
1287 800 1406 846 quo3

47 854 260 899 Lanuvini
288 854 334 898 in
362 853 577 898 civitatem
608 854 782 913 accepti.
844 853 1092 898 Tusculanis
1120 857 1287 898 servata
1314 853 1408 900 ‹zi-4

47 918 156 963 vitas
192 932 318 976 quam
351 917 574 972 habebant,
607 919 848 977 crimenque
883 918 1121 962 rebellionis
1151 933 1177 963 a
1205 917 1373 976 publica

46 982 195 1028 fraude
213 983 259 1027 in
278 997 434 1041 paucos
455 987 648 1027 auctores
670 999 850 1028 versum.
914 984 968 1026 In
987 982 1228 1027 Veliternos
1255 988 1371 1028 vete·
1384 994 1406 1031 5

45 1063 114 1093 res
141 1047 254 1092 cives
282 1048 510 1103 Romanos,
540 1047 652 1105 quod
682 1048 840 1093 totiens
868 1047 1155 1101 rebellassent,
1186 1047 1372 1106 graviter

45 1113 263 1157 saevitum:
305 1115 350 1157 et
384 1113 495 1156 muri
535 1112 688 1170 dejecti
729 1117 772 1157 et
813 1116 986 1157 senatus
1026 1111 1124 1157 inde
1164 1112 1372 1157 abductus

41 1176 233 1236 jussique
252 1183 371 1221 trans
391 1175 577 1222 Tiberim
598 1177 788 1222 habitare
809 1181 858 1221 ut
880 1177 983 1235 ejus,
1007 1177 1080 1235 qui
1100 1176 1160 1222 cis
1188 1176 1372 1221 Tiberim

45 1241 328 1300 deprehensus
359 1245 471 1286 esset
506 1257 641 1300 usque
674 1242 728 1287 ad
760 1241 873 1287 mille
908 1257 1121 1300 passuum,
1155 1241 1371 1300 clarigatio

44 1310 170 1360 esset,
207 1321 285 1351 nec
305 1306 421 1364 prius
443 1321 568 1364 quam
589 1322 670 1352 aere
698 1307 914 1365 persoluto
934 1307 970 1351 is
1000 1306 1072 1364 qui
1100 1306 1281 1364 cepisset
1302 1321 1371 1350 ex·

43 1376 112 1415 tra
131 1371 299 1416 vincula
319 1376 490 1427 captum
518 1370 706 1416 haberet.
769 1371 824 1416 In
851 1387 999 1430 agrum
1031 1374 1274 1415 senatorum
1302 1380 1410 1418 co-6

43 1435 129 1480 loni
149 1436 278 1490 missi,
296 1435 448 1493 quibus
469 1435 691 1493 adscriptis
713 1436 896 1494 speciem
918 1436 1101 1494 antiquae
1121 1435 1370 1494 frequentia}

49 1500 220 1545 Velitrae
259 1504 525 1557 receperunt.
586 1501 645 1545 Et
678 1501 857 1545 Antium
892 1516 1002 1545 nova
1043 1499 1205 1545 colonia
1243 1499 1409 1551 missa?

45 1579 141 1610 cum
174 1579 224 1609 eo
259 1571 310 1609 ut
330 1565 577 1609 Antiatibus
606 1565 925 1623 permitteretur
953 1566 988 1609 si
1010 1568 1053 1609 et
1080 1565 1162 1622 ipsi
1189 1564 1372 1609 adscribi

45 1629 182 1674 coloni
195 1629 377 1674 vellent:
409 1645 538 1674 naves
558 1629 656 1674 inde
677 1630 813 1688 longae
835 1629 992 1674 abactae
1013 1629 1370 1687 interdictumque

45 1695 150 1739 mari
174 1694 341 1739 Antiati
368 1694 523 1753 populo
550 1698 642 1739 est:
679 1694 828 1740 civitas
856 1694 967 1738 data.
1029 1694 1228 1738 Tiburtes
1256 1693 1406 1741 Prae-8

44 1758 283 1817 nestinique
303 1773 406 1817 agro
434 1759 603 1803 multati
629 1774 767 1817 neque
794 1759 848 1804 ob
877 1774 1022 1803 recens
1049 1762 1217 1803 tantum
1238 1757 1370 1803 rebel-

44 1823 166 1868 lionis
187 1838 406 1868 commune
427 1838 524 1868 cum
545 1823 636 1867 aliis
653 1823 818 1868 Latinis
839 1823 997 1868 crimen
1018 1822 1091 1867 sed
1113 1822 1226 1881 quod
1240 1821 1367 1867 taedio

45 1887 210 1996 asterii
236 1887 420 1932 Romani
446 1903 543 1932 cum
575 1887 705 1932 Gallis
733 1891 860 1946 gente
889 1889 1061 1932 efferata
1091 1902 1206 1931 arma
1235 1901 1369 1942 quon-

74 1966 142 1996 am
171 1952 497 1997 consociassent.
560 1951 736 1997 Caeteris
766 1952 933 1996 Latinis
964 1951 1128 2010 populis
1160 1951 1401 1999 connubia9

48 2017 377 2074 commerciaque
398 2020 442 2062 et
461 2017 637 2062 concilia
657 2018 768 2062 inter
796 2032 840 2062 se
869 2016 1128 2061 ademerunt.
1190 2016 1366 2074 Campa·
1386 2022 1433 2058 10

44 2080 110 2125 nis
136 2081 327 2139 equitum
356 2081 527 2126 honoris
556 2097 694 2137 causa,
721 2082 820 2139 quia
849 2096 945 2126 cum
970 2081 1137 2129 Latinis
1164 2081 1367 2127 rebellare

44 2143 291 2202 noluissent,
319 2146 619 2206 Fundanisque
650 2151 694 2192 et
724 2146 974 2202 Formianis,
1006 2146 1120 2205 quod
1149 2161 1225 2205 per
1258 2146 1365 2204 fines

45 2223 190 2263 eorum
220 2214 318 2263 tuta
346 2215 577 2281 pacataque
608 2227 773 2278 semper
803 2210 953 2266 fuisset
983 2210 1068 2267 via.
1096 2211 1246 2264 civitas
1276 2210 1366 2266 siue
