1649 2452
229 115 307 154 636
561 114 605 154 T.
627 113 780 153 LIVII
812 112 1228 154 HISTORIARUM

1346 164 1404 207 [A.
1420 164 1458 198 c.
1474 167 1546 200 2⁹5.
1628 171 1629 176 ¹

192 213 213 253 7
230 206 447 256 Quiritum
483 205 719 252 devoveret.
781 207 975 253 Devotus
1004 208 1102 253 inde
1132 207 1277 253 eadem
1306 207 1546 265 precatione

229 270 456 329 eodemque
507 270 666 324 habitu,
709 287 791 330 quo
832 276 952 330 pater
990 273 1040 317 P.
1072 272 1230 330 Decius
1269 270 1322 316 ad
1351 266 1547 316 Veserim

228 334 336 380 bello
363 334 518 379 Latino
548 350 592 379 se
608 339 795 392 jusserat
823 335 1030 390 devoveri,
1053 352 1182 395 quum
1211 334 1441 380 secundum
1469 334 1550 381 sol-

228 398 385 443 lemnes
415 399 676 456 precationes
711 399 946 457 adjecisset,
977 416 1064 459 prae
1103 416 1148 445 se
1179 415 1303 457 agere
1337 415 1429 444 sese
1462 399 1548 444 for-

228 462 425 507 midinem
458 477 506 507 ac
545 463 689 521 fugam
725 463 963 523 caedemque
998 480 1046 509 ac
1081 479 1283 517 cruorem,
1318 463 1549 508 coelestium
1633 503 1637 510 .

228 527 487 571 infernorum
525 527 622 581 iraS‚
657 532 971 574 contracturum
1008 528 1254 574 funebribus
1290 527 1391 573 diris
1430 527 1551 587 signa

229 591 315 636 tela
353 607 468 635 arma
506 591 705 645 hostium,
739 592 960 651 locumque
1000 593 1179 638 eundem
1215 608 1302 637 suae
1335 592 1468 650 pestis
1501 607 1550 638 ac

232 655 446 700 Gallorum
484 671 532 700 ac
563 656 815 701 Samnitium
844 657 1007 710 fore—,
1037 658 1128 702 haec
1157 661 1400 702 exsecratus
1429 653 1476 701 in
1504 671 1550 702 se

230 719 457 778 hostesque
479 735 561 777 qua
588 720 936 766 confertissimam
962 721 1159 767 cernebat
1181 720 1393 765 Gallorum
1418 720 1550 765 aciem

231 784 415 828 concitat
452 799 604 839 equum
640 784 907 844 inferensque
947 801 993 830 se
1027 786 1117 843 ipse
1150 784 1315 829 infestis
1349 783 1446 829 telis
1483 788 1550 830 est

113 844 491 896 (29)interfectus.
554 848 640 892 Vix
669 848 861 894 humanae
891 850 989 894 inde
1024 850 1115 908 opis
1142 848 1275 894 videri
1304 863 1448 908 pugna
1476 863 1551 907 po-

231 913 342 957 tuit:
375 913 557 956 Romani
587 913 693 958 duce
723 913 890 969 amisso,
922 930 1015 973 quae
1046 929 1112 958 res
1142 913 1297 957 terrori
1326 912 1427 957 alias
1457 928 1549 958 esse

230 977 348 1032 solet,
376 977 525 1022 sistere
552 977 695 1035 fugam
725 993 773 1022 ac
804 993 953 1022 novam
985 978 1036 1022 de
1063 977 1230 1036 integro
1257 976 1362 1022 velle
1390 976 1550 1022 instau-

229 1057 322 1086 rare
343 1057 526 1100 pugnam
545 1061 554 1085 :
588 1041 698 1086 Galli
719 1047 762 1086 et
782 1042 961 1087 maxime
984 1042 1134 1101 globus
1155 1042 1431 1086 circumstans
1452 1056 1550 1086 oon-

231 1105 332 1150 suh‘s
355 1121 505 1163 corpus
526 1104 642 1150 velut
665 1105 843 1151 alienata
863 1111 1003 1151 mente
1020 1122 1125 1150 vana
1145 1106 1189 1150 in
1209 1121 1373 1150 cassum
1389 1106 1550 1164 jactare

229 1170 325 1224 tela,
348 1173 516 1228 torpere
538 1169 707 1228 quidam
727 1174 771 1215 et
791 1186 869 1216 nec
896 1186 1048 1229 pugnae
1069 1170 1305 1215 meminisse
1325 1185 1403 1215 nec
1422 1169 1548 1229 fugae.

192 1236 287 1278 2At
308 1250 360 1278 ex
390 1237 510 1292 parte
540 1234 669 1279 altera
698 1235 891 1290 pontifex
918 1235 1079 1289 Livius,
1101 1234 1169 1279 cui
1194 1233 1364 1279 lictores
1390 1233 1549 1279 Decius

228 1298 458 1343 tradiderat
487 1302 760 1356 jusseratque
792 1315 867 1357 pro
898 1303 1077 1357 praetore
1107 1314 1212 1352 esse,
1243 1298 1463 1343 vociferari
1491 1298 1551 1343 vi-

228 1363 334 1407 cisse
364 1363 579 1408 Romanos
610 1363 833 1408 defunctos
869 1363 1052 1408 consulis
1083 1363 1184 1416 fato,
1217 1362 1360 1407 Gallos
1391 1363 1550 1408 Samni·

227 1433 374 1486 tesque
405 1428 584 1472 Telluris
614 1429 760 1472 matris
789 1443 838 1473 ac
865 1428 1038 1472 deorum
1065 1427 1250 1472 manium
1279 1442 1383 1482 esse,
1403 1442 1550 1485 rapere

228 1491 280 1536 ad
314 1508 359 1537 se
395 1507 443 1537 ac
473 1507 623 1537 vocare
653 1492 834 1537 Decium
864 1492 1058 1537 devotam
1088 1507 1231 1537 secum
1261 1491 1390 1536 aciem
1422 1491 1551 1536 furia·

191 1563 213 1600 3
228 1572 403 1614 rumque
425 1572 473 1601 ac
493 1556 727 1601 formidinis
754 1556 878 1614 plena
897 1557 1037 1601 omnia
1056 1555 1109 1600 ad
1135 1556 1278 1601 hostes
1306 1571 1411 1600 esse.
1473 1555 1550 1600 Su-

227 1621 476 1676 perveniunt
507 1620 657 1665 deinde
686 1621 753 1665 his
793 1620 1118 1665 restituentibus
1149 1635 1333 1679 pugnam
1372 1619 1424 1665 L.
1448 1619 1550 1665 Cor-

226 1685 360 1730 nelius
383 1685 520 1743 Scipio
549 1689 591 1729 et
614 1685 661 1730 C.
685 1685 876 1730 Marcius
904 1700 999 1729 cum
1030 1683 1228 1729 subsidiis
1249 1699 1303 1729 ex
1321 1684 1550 1730 novissima

227 1750 313 1794 acie
331 1750 455 1807 jussu
476 1750 530 1797 Q.
548 1749 667 1794 Fabii
688 1749 871 1794 consulis
888 1749 940 1793 ad
955 1748 1195 1807 praesidium
1216 1748 1386 1808 collegae
1406 1749 1549 1794 missi:

227 1814 284 1859 ibi
306 1813 476 1858 auditur
491 1814 540 1858 P.
559 1813 682 1858 Decii
702 1813 1087 1871 eventus—ingens
1104 1813 1327 1858 hortamen
1342 1811 1395 1857 ad
1409 1813 1550 1858 omnia

227 1894 302 1937 pro
335 1893 382 1923 re
417 1877 585 1936 publica
625 1877 843 1923 audenda:
885 1877 1028 1935 itaque
1064 1894 1193 1936 quum
1225 1877 1334 1922 Galli
1373 1877 1548 1922 structis

228 1947 324 1988 ante
353 1958 399 1988 se
427 1943 559 1988 scutis
591 1943 770 1988 conferti
802 1946 963 1986 starent
994 1957 1071 1987 nec
1098 1941 1231 1987 facilis
1262 1940 1366 2000 pede
1396 1940 1548 1986 collato

227 2008 441 2052 videretur
470 2023 625 2065 pugna,
653 2008 777 2065 jussu
812 2006 1047 2064 legatorum
1079 2006 1253 2051 collecta
1293 2005 1410 2050 humi
1449 2004 1546 2063 pila,

228 2089 319 2132 quae
353 2075 487 2116 strata
520 2073 631 2116 inter
667 2071 770 2115 duas
807 2072 916 2116 acics
946 2069 1154 2129 jacebant,
1184 2076 1310 2129 atque
1340 2069 1385 2114 in
1414 2072 1547 2114 testu-

228 2138 366 2183 dinem
386 2136 572 2182 hostium
593 2137 808 2194 conjecta:
842 2135 993 2194 quibus
1021 2135 1229 2194 plerisque
1249 2135 1293 2179 in
1313 2138 1435 2179 scuta
1454 2149 1547 2179 ver-

230 2203 335 2248 rutis
356 2202 399 2247 in
419 2216 594 2259 corpora
614 2201 705 2259 ipsa
725 2200 818 2245 fixis
839 2200 1045 2245 sternitur
1064 2215 1222 2246 cuneus
1243 2199 1305 2244 ita
1323 2204 1372 2243 ut
1392 2213 1546 2257 magua

229 2283 323 2325 pars
356 2266 531 2325 integris
562 2265 805 2324 corporibus
837 2263 1015 2310 adtoniti
1046 2263 1338 2310 conciderent:
1380 2263 1469 2309 haec
1501 2263 1544 2309 in
