<?xml version="1.0" encoding="UTF-8"?>
<!DOCTYPE html PUBLIC "-//W3C//DTD XHTML 1.0 Transitional//EN"
    "http://www.w3.org/TR/xhtml1/DTD/xhtml1-transitional.dtd">
<html xmlns="http://www.w3.org/1999/xhtml" xml:lang="en" lang="en">
 <head>
  <title>
</title>
<meta http-equiv="Content-Type" content="text/html;charset=utf-8" />
  <meta name='ocr-system' content='tesseract 3.04.00' />
  <meta name='ocr-capabilities' content='ocr_page ocr_carea ocr_par ocr_line ocrx_word'/>
</head>
<body>
  <div class='ocr_page' id='page_1' title='image "./historiarum00livyuoft_0252.png"; bbox 0 0 1649 2452; ppageno 0'>
   <div class='ocr_carea' id='block_1_1' title="bbox 186 33 1478 128">
    <p class='ocr_par' dir='ltr' id='par_1_1' title="bbox 186 33 1478 128">
     <span class='ocr_line' id='line_1_1' title="bbox 186 33 1478 128; baseline -0.002 -52"><span class='ocrx_word' id='word_1_1' title='bbox 186 37 262 76; x_wconf 82' lang='lat'>602</span> <span class='ocrx_word' id='word_1_2' title='bbox 501 37 546 76; x_wconf 89' lang='lat' dir='ltr'>T.</span> <span class='ocrx_word' id='word_1_3' title='bbox 578 34 726 76; x_wconf 88' lang='lat' dir='ltr'><strong>LIVII</strong></span> <span class='ocrx_word' id='word_1_4' title='bbox 761 33 1179 76; x_wconf 85' lang='lat' dir='ltr'>HISTORIARUM</span> <span class='ocrx_word' id='word_1_5' title='bbox 1295 89 1337 128; x_wconf 77' lang='lat' dir='ltr'>[A</span> <span class='ocrx_word' id='word_1_6' title='bbox 1368 90 1393 122; x_wconf 74' lang='lat' dir='ltr'>C</span> <span class='ocrx_word' id='word_1_7' title='bbox 1422 87 1478 122; x_wconf 64' lang='lat'>3⁰¹</span> 
     </span>
    </p>
   </div>
   <div class='ocr_carea' id='block_1_2' title="bbox 86 129 1499 2248">
    <p class='ocr_par' dir='ltr' id='par_1_2' title="bbox 181 129 1499 380">
     <span class='ocr_line' id='line_1_2' title="bbox 183 129 1497 176; baseline 0 -1"><span class='ocrx_word' id='word_1_8' title='bbox 183 130 396 175; x_wconf 84' lang='lat' dir='ltr'><strong>Etruriam</strong></span> <span class='ocrx_word' id='word_1_9' title='bbox 434 130 632 175; x_wconf 75' lang='lat' dir='ltr'>rebellare</span> <span class='ocrx_word' id='word_1_10' title='bbox 663 131 715 175; x_wconf 87' lang='lat' dir='ltr'>ab</span> <span class='ocrx_word' id='word_1_11' title='bbox 745 132 1041 175; x_wconf 80' lang='lat' dir='ltr'>Arretinorum</span> <span class='ocrx_word' id='word_1_12' title='bbox 1072 129 1347 175; x_wconf 78' lang='lat' dir='ltr'>seditionibus</span> <span class='ocrx_word' id='word_1_13' title='bbox 1377 136 1497 176; x_wconf 86' lang='lat' dir='ltr'>motu</span> 
     </span>
     <span class='ocr_line' id='line_1_3' title="bbox 183 193 1498 253; baseline 0.001 -15"><span class='ocrx_word' id='word_1_14' title='bbox 183 205 277 238; x_wconf 85' lang='lat' dir='ltr'>orto</span> <span class='ocrx_word' id='word_1_15' title='bbox 306 193 592 247; x_wconf 78' lang='lat' dir='ltr'>nuntiabatur,</span> <span class='ocrx_word' id='word_1_16' title='bbox 627 194 700 239; x_wconf 89' lang='lat' dir='ltr'>ubi</span> <span class='ocrx_word' id='word_1_17' title='bbox 736 194 918 239; x_wconf 85' lang='lat' dir='ltr'>Cilnium</span> <span class='ocrx_word' id='word_1_18' title='bbox 954 210 1088 253; x_wconf 85' lang='lat' dir='ltr'>genus</span> <span class='ocrx_word' id='word_1_19' title='bbox 1124 197 1362 251; x_wconf 79' lang='lat' dir='ltr'>praepotens</span> <span class='ocrx_word' id='word_1_20' title='bbox 1393 194 1498 240; x_wconf 88' lang='lat' dir='ltr'>divi-</span> 
     </span>
     <span class='ocr_line' id='line_1_4' title="bbox 181 257 1498 316; baseline 0 -14"><span class='ocrx_word' id='word_1_21' title='bbox 181 258 337 302; x_wconf 87' lang='lat' dir='ltr'>tiarum</span> <span class='ocrx_word' id='word_1_22' title='bbox 357 257 512 302; x_wconf 84' lang='lat' dir='ltr'>invidia</span> <span class='ocrx_word' id='word_1_23' title='bbox 529 257 624 315; x_wconf 88' lang='lat' dir='ltr'>pelli</span> <span class='ocrx_word' id='word_1_24' title='bbox 645 258 770 302; x_wconf 84' lang='lat' dir='ltr'>armis</span> <span class='ocrx_word' id='word_1_25' title='bbox 787 263 992 316; x_wconf 89' lang='lat' dir='ltr'>coeptum:</span> <span class='ocrx_word' id='word_1_26' title='bbox 1025 258 1150 303; x_wconf 87' lang='lat' dir='ltr'>simul</span> <span class='ocrx_word' id='word_1_27' title='bbox 1165 258 1333 303; x_wconf 89' lang='lat' dir='ltr'>Marsos</span> <span class='ocrx_word' id='word_1_28' title='bbox 1348 273 1498 316; x_wconf 81' lang='lat' dir='ltr'>agrum</span> 
     </span>
     <span class='ocr_line' id='line_1_5' title="bbox 183 321 1499 380; baseline 0.001 -15"><span class='ocrx_word' id='word_1_29' title='bbox 183 322 225 365; x_wconf 82' lang='lat' dir='ltr'>vi</span> <span class='ocrx_word' id='word_1_30' title='bbox 244 322 366 375; x_wconf 86' lang='lat' dir='ltr'>tueri,</span> <span class='ocrx_word' id='word_1_31' title='bbox 389 322 434 366; x_wconf 88' lang='lat' dir='ltr'>in</span> <span class='ocrx_word' id='word_1_32' title='bbox 455 337 576 380; x_wconf 88' lang='lat' dir='ltr'>quem</span> <span class='ocrx_word' id='word_1_33' title='bbox 598 321 760 366; x_wconf 84' lang='lat' dir='ltr'>colonia</span> <span class='ocrx_word' id='word_1_34' title='bbox 781 322 967 367; x_wconf 86' lang='lat' dir='ltr'>Carseoli</span> <span class='ocrx_word' id='word_1_35' title='bbox 983 322 1164 367; x_wconf 88' lang='lat' dir='ltr'>deducta</span> <span class='ocrx_word' id='word_1_36' title='bbox 1183 325 1276 366; x_wconf 87' lang='lat' dir='ltr'>erat</span> <span class='ocrx_word' id='word_1_37' title='bbox 1296 325 1499 380; x_wconf 84' lang='lat' dir='ltr'>quattuor</span> 
     </span>
    </p>

    <p class='ocr_par' dir='ltr' id='par_1_3' title="bbox 86 384 1499 2248">
     <span class='ocr_line' id='line_1_6' title="bbox 144 384 1498 445; baseline 0.001 -16"><span class='ocrx_word' id='word_1_38' title='bbox 144 387 166 423; x_wconf 88' lang='lat'>3</span> <span class='ocrx_word' id='word_1_39' title='bbox 181 384 363 431; x_wconf 89' lang='lat' dir='ltr'>millibus</span> <span class='ocrx_word' id='word_1_40' title='bbox 383 386 598 430; x_wconf 89' lang='lat' dir='ltr'>hominum</span> <span class='ocrx_word' id='word_1_41' title='bbox 619 386 800 444; x_wconf 86' lang='lat' dir='ltr'>scriptis.</span> <span class='ocrx_word' id='word_1_42' title='bbox 841 387 994 445; x_wconf 86' lang='lat' dir='ltr'>ltaque</span> <span class='ocrx_word' id='word_1_43' title='bbox 1014 391 1186 444; x_wconf 82' lang='lat' dir='ltr'>propter</span> <span class='ocrx_word' id='word_1_44' title='bbox 1202 401 1273 430; x_wconf 82' lang='lat' dir='ltr'>eos</span> <span class='ocrx_word' id='word_1_45' title='bbox 1287 385 1498 431; x_wconf 85' lang='lat' dir='ltr'>tumultus</span> 
     </span>
     <span class='ocr_line' id='line_1_7' title="bbox 182 449 1499 508; baseline 0.001 -15"><span class='ocrx_word' id='word_1_46' title='bbox 182 449 319 495; x_wconf 90' lang='lat' dir='ltr'>dictus</span> <span class='ocrx_word' id='word_1_47' title='bbox 343 450 408 494; x_wconf 90' lang='lat' dir='ltr'>M.</span> <span class='ocrx_word' id='word_1_48' title='bbox 429 449 624 494; x_wconf 88' lang='lat' dir='ltr'>Valerius</span> <span class='ocrx_word' id='word_1_49' title='bbox 651 449 866 495; x_wconf 78' lang='lat' dir='ltr'>Maximus</span> <span class='ocrx_word' id='word_1_50' title='bbox 896 450 1077 495; x_wconf 86' lang='lat' dir='ltr'>dictator</span> <span class='ocrx_word' id='word_1_51' title='bbox 1104 450 1355 508; x_wconf 85' lang='lat' dir='ltr'>magistrum</span> <span class='ocrx_word' id='word_1_52' title='bbox 1382 450 1499 508; x_wconf 83' lang='lat' dir='ltr'>equi-</span> 
     </span>
     <span class='ocr_line' id='line_1_8' title="bbox 181 513 1498 572; baseline 0 -14"><span class='ocrx_word' id='word_1_53' title='bbox 181 517 272 558; x_wconf 86' lang='lat' dir='ltr'>tum</span> <span class='ocrx_word' id='word_1_54' title='bbox 304 513 383 558; x_wconf 88' lang='lat' dir='ltr'>sibi</span> <span class='ocrx_word' id='word_1_55' title='bbox 417 514 520 571; x_wconf 85' lang='lat' dir='ltr'>legit</span> <span class='ocrx_word' id='word_1_56' title='bbox 551 514 614 558; x_wconf 84' lang='lat' dir='ltr'>M.</span> <span class='ocrx_word' id='word_1_57' title='bbox 637 513 855 558; x_wconf 87' lang='lat' dir='ltr'>AEmilium</span> <span class='ocrx_word' id='word_1_58' title='bbox 890 515 1096 559; x_wconf 79' lang='lat' dir='ltr'>Paulum:</span> <span class='ocrx_word' id='word_1_59' title='bbox 1128 515 1172 558; x_wconf 93' lang='lat' dir='ltr'>id</span> <span class='ocrx_word' id='word_1_60' title='bbox 1206 514 1339 572; x_wconf 85' lang='lat' dir='ltr'>magis</span> <span class='ocrx_word' id='word_1_61' title='bbox 1373 513 1498 559; x_wconf 80' lang='lat' dir='ltr'>credo</span> 
     </span>
     <span class='ocr_line' id='line_1_9' title="bbox 182 577 1498 636; baseline 0.002 -15"><span class='ocrx_word' id='word_1_62' title='bbox 182 593 302 635; x_wconf 88' lang='lat' dir='ltr'>quam</span> <span class='ocrx_word' id='word_1_63' title='bbox 335 579 389 626; x_wconf 78' lang='lat' dir='ltr'>Q.</span> <span class='ocrx_word' id='word_1_64' title='bbox 412 578 586 622; x_wconf 86' lang='lat' dir='ltr'>Fabium</span> <span class='ocrx_word' id='word_1_65' title='bbox 617 593 667 623; x_wconf 87' lang='lat' dir='ltr'>ea</span> <span class='ocrx_word' id='word_1_66' title='bbox 693 581 817 622; x_wconf 86' lang='lat' dir='ltr'>aetate</span> <span class='ocrx_word' id='word_1_67' title='bbox 845 581 972 636; x_wconf 85' lang='lat' dir='ltr'>atque</span> <span class='ocrx_word' id='word_1_68' title='bbox 1000 579 1059 623; x_wconf 91' lang='lat' dir='ltr'>eis</span> <span class='ocrx_word' id='word_1_69' title='bbox 1080 578 1310 623; x_wconf 87' lang='lat' dir='ltr'>honoribus</span> <span class='ocrx_word' id='word_1_70' title='bbox 1331 577 1498 623; x_wconf 84' lang='lat' dir='ltr'>Valerio</span> 
     </span>
     <span class='ocr_line' id='line_1_10' title="bbox 181 641 1499 700; baseline 0.002 -16"><span class='ocrx_word' id='word_1_71' title='bbox 181 641 444 698; x_wconf 86' lang='lat' dir='ltr'>subjeetum:</span> <span class='ocrx_word' id='word_1_72' title='bbox 478 646 677 687; x_wconf 85' lang='lat' dir='ltr'>caeterum</span> <span class='ocrx_word' id='word_1_73' title='bbox 705 657 759 686; x_wconf 84' lang='lat' dir='ltr'>ex</span> <span class='ocrx_word' id='word_1_74' title='bbox 786 641 966 687; x_wconf 78' lang='lat' dir='ltr'>Maximi</span> <span class='ocrx_word' id='word_1_75' title='bbox 993 642 1240 700; x_wconf 82' lang='lat' dir='ltr'>cognomine</span> <span class='ocrx_word' id='word_1_76' title='bbox 1267 645 1407 686; x_wconf 87' lang='lat' dir='ltr'>ortum</span> <span class='ocrx_word' id='word_1_77' title='bbox 1434 653 1499 687; x_wconf 82' lang='lat' dir='ltr'>er-</span> 
     </span>
     <span class='ocr_line' id='line_1_11' title="bbox 138 705 1499 752; baseline 0.004 -6"><span class='ocrx_word' id='word_1_78' title='bbox 138 709 164 745; x_wconf 87' lang='lat'><em>4</em></span> <span class='ocrx_word' id='word_1_79' title='bbox 181 721 314 750; x_wconf 85' lang='lat' dir='ltr'>rorem</span> <span class='ocrx_word' id='word_1_80' title='bbox 336 705 449 750; x_wconf 90' lang='lat' dir='ltr'>haud</span> <span class='ocrx_word' id='word_1_81' title='bbox 470 706 699 751; x_wconf 82' lang='lat' dir='ltr'>abnuerim.</span> <span class='ocrx_word' id='word_1_82' title='bbox 751 706 974 751; x_wconf 81' lang='lat' dir='ltr'>Profectus</span> <span class='ocrx_word' id='word_1_83' title='bbox 998 706 1178 751; x_wconf 87' lang='lat' dir='ltr'>dictator</span> <span class='ocrx_word' id='word_1_84' title='bbox 1194 721 1288 751; x_wconf 89' lang='lat' dir='ltr'>cum</span> <span class='ocrx_word' id='word_1_85' title='bbox 1309 706 1499 752; x_wconf 84' lang='lat' dir='ltr'>exercitu</span> 
     </span>
     <span class='ocr_line' id='line_1_12' title="bbox 178 769 1498 828; baseline 0.001 -14"><span class='ocrx_word' id='word_1_86' title='bbox 178 769 322 826; x_wconf 84' lang='lat' dir='ltr'>proelio</span> <span class='ocrx_word' id='word_1_87' title='bbox 356 785 437 814; x_wconf 89' lang='lat' dir='ltr'>uno</span> <span class='ocrx_word' id='word_1_88' title='bbox 466 770 635 815; x_wconf 88' lang='lat' dir='ltr'>Marsos</span> <span class='ocrx_word' id='word_1_89' title='bbox 665 769 832 814; x_wconf 86' lang='lat' dir='ltr'>fundit:</span> <span class='ocrx_word' id='word_1_90' title='bbox 865 770 1090 828; x_wconf 86' lang='lat' dir='ltr'>compulsis</span> <span class='ocrx_word' id='word_1_91' title='bbox 1121 769 1270 815; x_wconf 85' lang='lat' dir='ltr'>deinde</span> <span class='ocrx_word' id='word_1_92' title='bbox 1299 770 1344 814; x_wconf 91' lang='lat' dir='ltr'>in</span> <span class='ocrx_word' id='word_1_93' title='bbox 1372 769 1498 816; x_wconf 87' lang='lat' dir='ltr'>urbes</span> 
     </span>
     <span class='ocr_line' id='line_1_13' title="bbox 177 833 1499 892; baseline 0 -14"><span class='ocrx_word' id='word_1_94' title='bbox 177 834 360 878; x_wconf 86' lang='lat' dir='ltr'>munitas</span> <span class='ocrx_word' id='word_1_95' title='bbox 381 833 616 878; x_wconf 86' lang='lat' dir='ltr'>Milioniam</span> <span class='ocrx_word' id='word_1_96' title='bbox 642 833 873 878; x_wconf 88' lang='lat' dir='ltr'>Plestinam</span> <span class='ocrx_word' id='word_1_97' title='bbox 902 834 1119 878; x_wconf 81' lang='lat' dir='ltr'>Fresiliam</span> <span class='ocrx_word' id='word_1_98' title='bbox 1146 836 1259 878; x_wconf 85' lang='lat' dir='ltr'>intra</span> <span class='ocrx_word' id='word_1_99' title='bbox 1279 833 1368 878; x_wconf 89' lang='lat' dir='ltr'>dies</span> <span class='ocrx_word' id='word_1_100' title='bbox 1396 849 1499 892; x_wconf 85' lang='lat' dir='ltr'>pau-</span> 
     </span>
     <span class='ocr_line' id='line_1_14' title="bbox 176 897 1498 957; baseline 0 -15"><span class='ocrx_word' id='word_1_101' title='bbox 176 912 249 942; x_wconf 91' lang='lat' dir='ltr'>cos</span> <span class='ocrx_word' id='word_1_102' title='bbox 280 899 403 956; x_wconf 86' lang='lat' dir='ltr'>cepit,</span> <span class='ocrx_word' id='word_1_103' title='bbox 437 902 480 943; x_wconf 88' lang='lat' dir='ltr'>et</span> <span class='ocrx_word' id='word_1_104' title='bbox 511 902 630 957; x_wconf 87' lang='lat' dir='ltr'>parte</span> <span class='ocrx_word' id='word_1_105' title='bbox 662 897 753 956; x_wconf 88' lang='lat' dir='ltr'>agri</span> <span class='ocrx_word' id='word_1_106' title='bbox 791 898 982 942; x_wconf 88' lang='lat' dir='ltr'>multatis</span> <span class='ocrx_word' id='word_1_107' title='bbox 1014 898 1169 943; x_wconf 87' lang='lat' dir='ltr'>Marsis</span> <span class='ocrx_word' id='word_1_108' title='bbox 1206 897 1342 943; x_wconf 87' lang='lat' dir='ltr'>foedus</span> <span class='ocrx_word' id='word_1_109' title='bbox 1374 899 1498 943; x_wconf 83' lang='lat' dir='ltr'>resti-</span> 
     </span>
     <span class='ocr_line' id='line_1_15' title="bbox 95 961 1497 1020; baseline -0.003 -10"><span class='ocrx_word' id='word_1_110' title='bbox 95 963 160 1010; x_wconf 85' lang='lat'>5,6</span> <span class='ocrx_word' id='word_1_111' title='bbox 176 963 272 1007; x_wconf 85' lang='lat' dir='ltr'>tuit.</span> <span class='ocrx_word' id='word_1_112' title='bbox 335 963 443 1008; x_wconf 83' lang='lat' dir='ltr'>Tum</span> <span class='ocrx_word' id='word_1_113' title='bbox 464 963 509 1007; x_wconf 87' lang='lat' dir='ltr'>in</span> <span class='ocrx_word' id='word_1_114' title='bbox 528 963 735 1007; x_wconf 86' lang='lat' dir='ltr'>Etruscos</span> <span class='ocrx_word' id='word_1_115' title='bbox 756 978 924 1007; x_wconf 85' lang='lat' dir='ltr'>versum</span> <span class='ocrx_word' id='word_1_116' title='bbox 953 962 1121 1007; x_wconf 91' lang='lat' dir='ltr'>bellum.</span> <span class='ocrx_word' id='word_1_117' title='bbox 1182 963 1241 1006; x_wconf 89' lang='lat' dir='ltr'>Et</span> <span class='ocrx_word' id='word_1_118' title='bbox 1262 978 1391 1020; x_wconf 90' lang='lat' dir='ltr'>quum</span> <span class='ocrx_word' id='word_1_119' title='bbox 1411 961 1497 1007; x_wconf 90' lang='lat' dir='ltr'>dic-</span> 
     </span>
     <span class='ocr_line' id='line_1_16' title="bbox 175 1025 1498 1085; baseline 0.001 -15"><span class='ocrx_word' id='word_1_120' title='bbox 175 1030 288 1070; x_wconf 86' lang='lat' dir='ltr'>tator</span> <span class='ocrx_word' id='word_1_121' title='bbox 323 1027 602 1084; x_wconf 86' lang='lat' dir='ltr'>auspiciorum</span> <span class='ocrx_word' id='word_1_122' title='bbox 637 1025 960 1085; x_wconf 85' lang='lat' dir='ltr'>repetendorum</span> <span class='ocrx_word' id='word_1_123' title='bbox 999 1041 1124 1070; x_wconf 87' lang='lat' dir='ltr'>causa</span> <span class='ocrx_word' id='word_1_124' title='bbox 1159 1025 1374 1083; x_wconf 85' lang='lat' dir='ltr'>profectus</span> <span class='ocrx_word' id='word_1_125' title='bbox 1410 1025 1498 1071; x_wconf 75' lang='lat' dir='ltr'>Ro-</span> 
     </span>
     <span class='ocr_line' id='line_1_17' title="bbox 173 1089 1495 1149; baseline -0.001 -14"><span class='ocrx_word' id='word_1_126' title='bbox 173 1106 283 1134; x_wconf 85' lang='lat' dir='ltr'>mam</span> <span class='ocrx_word' id='word_1_127' title='bbox 319 1095 443 1144; x_wconf 87' lang='lat' dir='ltr'>essct,</span> <span class='ocrx_word' id='word_1_128' title='bbox 480 1091 681 1149; x_wconf 85' lang='lat' dir='ltr'>magister</span> <span class='ocrx_word' id='word_1_129' title='bbox 713 1091 903 1148; x_wconf 88' lang='lat' dir='ltr'>equitum</span> <span class='ocrx_word' id='word_1_130' title='bbox 938 1089 1184 1148; x_wconf 78' lang='lat' dir='ltr'>pabulatum</span> <span class='ocrx_word' id='word_1_131' title='bbox 1216 1105 1411 1148; x_wconf 85' lang='lat' dir='ltr'>egressus</span> <span class='ocrx_word' id='word_1_132' title='bbox 1441 1105 1495 1135; x_wconf 86' lang='lat' dir='ltr'>ex</span> 
     </span>
     <span class='ocr_line' id='line_1_18' title="bbox 174 1153 1495 1213; baseline 0 -15"><span class='ocrx_word' id='word_1_133' title='bbox 174 1155 334 1200; x_wconf 89' lang='lat' dir='ltr'>insidiis</span> <span class='ocrx_word' id='word_1_134' title='bbox 370 1155 696 1200; x_wconf 85' lang='lat' dir='ltr'>circumvenitur</span> <span class='ocrx_word' id='word_1_135' title='bbox 730 1155 945 1213; x_wconf 84' lang='lat' dir='ltr'>signisque</span> <span class='ocrx_word' id='word_1_136' title='bbox 981 1155 1140 1213; x_wconf 85' lang='lat' dir='ltr'>aliquot</span> <span class='ocrx_word' id='word_1_137' title='bbox 1181 1154 1345 1198; x_wconf 87' lang='lat' dir='ltr'>amissis</span> <span class='ocrx_word' id='word_1_138' title='bbox 1384 1153 1495 1199; x_wconf 89' lang='lat' dir='ltr'>foeda</span> 
     </span>
     <span class='ocr_line' id='line_1_19' title="bbox 134 1217 1497 1277; baseline 0.001 -16"><span class='ocrx_word' id='word_1_139' title='bbox 134 1219 352 1264; x_wconf 84' lang='lat' dir='ltr'>7militum</span> <span class='ocrx_word' id='word_1_140' title='bbox 392 1219 503 1264; x_wconf 83' lang='lat' dir='ltr'>eaede</span> <span class='ocrx_word' id='word_1_141' title='bbox 539 1235 586 1264; x_wconf 88' lang='lat' dir='ltr'>ac</span> <span class='ocrx_word' id='word_1_142' title='bbox 621 1219 723 1277; x_wconf 86' lang='lat' dir='ltr'>fuga</span> <span class='ocrx_word' id='word_1_143' title='bbox 751 1219 796 1262; x_wconf 92' lang='lat' dir='ltr'>in</span> <span class='ocrx_word' id='word_1_144' title='bbox 827 1225 966 1263; x_wconf 84' lang='lat' dir='ltr'>eastra</span> <span class='ocrx_word' id='word_1_145' title='bbox 998 1223 1063 1263; x_wconf 86' lang='lat' dir='ltr'>est</span> <span class='ocrx_word' id='word_1_146' title='bbox 1095 1218 1349 1276; x_wconf 86' lang='lat' dir='ltr'>compulsus.</span> <span class='ocrx_word' id='word_1_147' title='bbox 1412 1217 1497 1272; x_wconf 88' lang='lat' dir='ltr'>Qui</span> 
     </span>
     <span class='ocr_line' id='line_1_20' title="bbox 173 1281 1495 1340; baseline -0.002 -12"><span class='ocrx_word' id='word_1_148' title='bbox 173 1288 310 1328; x_wconf 87' lang='lat' dir='ltr'>terror</span> <span class='ocrx_word' id='word_1_149' title='bbox 329 1299 414 1328; x_wconf 89' lang='lat' dir='ltr'>non</span> <span class='ocrx_word' id='word_1_150' title='bbox 436 1299 485 1328; x_wconf 86' lang='lat' dir='ltr'>eo</span> <span class='ocrx_word' id='word_1_151' title='bbox 505 1287 673 1327; x_wconf 88' lang='lat' dir='ltr'>tantum</span> <span class='ocrx_word' id='word_1_152' title='bbox 694 1298 718 1326; x_wconf 89' lang='lat' dir='ltr'>a</span> <span class='ocrx_word' id='word_1_153' title='bbox 738 1282 868 1327; x_wconf 87' lang='lat' dir='ltr'>Fabio</span> <span class='ocrx_word' id='word_1_154' title='bbox 891 1282 1102 1336; x_wconf 87' lang='lat' dir='ltr'>abhorret,</span> <span class='ocrx_word' id='word_1_155' title='bbox 1121 1282 1234 1340; x_wconf 92' lang='lat' dir='ltr'>quod</span> <span class='ocrx_word' id='word_1_156' title='bbox 1254 1282 1292 1326; x_wconf 91' lang='lat' dir='ltr'>si</span> <span class='ocrx_word' id='word_1_157' title='bbox 1313 1296 1396 1340; x_wconf 85' lang='lat' dir='ltr'>qua</span> <span class='ocrx_word' id='word_1_158' title='bbox 1415 1281 1495 1327; x_wconf 75' lang='lat' dir='ltr'>alia</span> 
     </span>
     <span class='ocr_line' id='line_1_21' title="bbox 174 1345 1497 1406; baseline -0.002 -14"><span class='ocrx_word' id='word_1_159' title='bbox 174 1352 263 1392; x_wconf 89' lang='lat' dir='ltr'>arte</span> <span class='ocrx_word' id='word_1_160' title='bbox 292 1363 526 1406; x_wconf 83' lang='lat' dir='ltr'>cognomen</span> <span class='ocrx_word' id='word_1_161' title='bbox 546 1363 666 1392; x_wconf 85' lang='lat' dir='ltr'>suum</span> <span class='ocrx_word' id='word_1_162' title='bbox 690 1347 870 1404; x_wconf 85' lang='lat' dir='ltr'>aequavit</span> <span class='ocrx_word' id='word_1_163' title='bbox 891 1351 982 1391; x_wconf 86' lang='lat' dir='ltr'>tum</span> <span class='ocrx_word' id='word_1_164' title='bbox 1015 1347 1194 1391; x_wconf 71' lang='lat' dir='ltr'>maxime</span> <span class='ocrx_word' id='word_1_165' title='bbox 1221 1345 1381 1390; x_wconf 87' lang='lat' dir='ltr'>bellicis</span> <span class='ocrx_word' id='word_1_166' title='bbox 1408 1345 1497 1390; x_wconf 80' lang='lat' dir='ltr'>lau-</span> 
     </span>
     <span class='ocr_line' id='line_1_22' title="bbox 173 1410 1496 1470; baseline -0.002 -14"><span class='ocrx_word' id='word_1_167' title='bbox 173 1411 308 1466; x_wconf 89' lang='lat' dir='ltr'>dibus,</span> <span class='ocrx_word' id='word_1_168' title='bbox 332 1412 406 1456; x_wconf 85' lang='lat' dir='ltr'>sed</span> <span class='ocrx_word' id='word_1_169' title='bbox 433 1412 559 1456; x_wconf 88' lang='lat' dir='ltr'>etiam</span> <span class='ocrx_word' id='word_1_170' title='bbox 588 1410 699 1470; x_wconf 92' lang='lat' dir='ltr'>quod</span> <span class='ocrx_word' id='word_1_171' title='bbox 725 1426 884 1455; x_wconf 88' lang='lat' dir='ltr'>memor</span> <span class='ocrx_word' id='word_1_172' title='bbox 911 1410 1143 1468; x_wconf 87' lang='lat' dir='ltr'>Papirianae</span> <span class='ocrx_word' id='word_1_173' title='bbox 1177 1410 1347 1455; x_wconf 81' lang='lat' dir='ltr'>saevitiae</span> <span class='ocrx_word' id='word_1_174' title='bbox 1374 1425 1496 1454; x_wconf 88' lang='lat' dir='ltr'>num-</span> 
     </span>
     <span class='ocr_line' id='line_1_23' title="bbox 174 1473 1493 1534; baseline -0.002 -14"><span class='ocrx_word' id='word_1_175' title='bbox 174 1492 298 1534; x_wconf 84' lang='lat' dir='ltr'>quam</span> <span class='ocrx_word' id='word_1_176' title='bbox 325 1480 375 1519; x_wconf 75' lang='lat' dir='ltr'>ut</span> <span class='ocrx_word' id='word_1_177' title='bbox 404 1475 621 1520; x_wconf 83' lang='lat' dir='ltr'>dictatoris</span> <span class='ocrx_word' id='word_1_178' title='bbox 649 1475 816 1531; x_wconf 82' lang='lat' dir='ltr'>injussu</span> <span class='ocrx_word' id='word_1_179' title='bbox 844 1474 1059 1519; x_wconf 88' lang='lat' dir='ltr'>dimicaret</span> <span class='ocrx_word' id='word_1_180' title='bbox 1088 1473 1240 1519; x_wconf 86' lang='lat' dir='ltr'>adduci</span> <span class='ocrx_word' id='word_1_181' title='bbox 1269 1474 1493 1533; x_wconf 85' lang='lat' dir='ltr'>potuisset.</span> 
     </span>
     <span class='ocr_line' id='line_1_24' title="bbox 86 1539 1494 1598; baseline -0.002 -11"><span class='ocrx_word' id='word_1_182' title='bbox 86 1539 158 1594; x_wconf 88' lang='lat'>(4)</span> <span class='ocrx_word' id='word_1_183' title='bbox 173 1541 385 1586; x_wconf 85' lang='lat' dir='ltr'>Nuntiata</span> <span class='ocrx_word' id='word_1_184' title='bbox 420 1556 470 1586; x_wconf 86' lang='lat' dir='ltr'>ea</span> <span class='ocrx_word' id='word_1_185' title='bbox 509 1540 646 1585; x_wconf 88' lang='lat' dir='ltr'>clades</span> <span class='ocrx_word' id='word_1_186' title='bbox 686 1541 867 1584; x_wconf 84' lang='lat' dir='ltr'>Romam</span> <span class='ocrx_word' id='word_1_187' title='bbox 901 1543 1103 1598; x_wconf 86' lang='lat' dir='ltr'>maj0rem</span> <span class='ocrx_word' id='word_1_188' title='bbox 1138 1555 1263 1598; x_wconf 88' lang='lat' dir='ltr'>quam</span> <span class='ocrx_word' id='word_1_189' title='bbox 1298 1555 1366 1584; x_wconf 87' lang='lat' dir='ltr'>res</span> <span class='ocrx_word' id='word_1_190' title='bbox 1403 1542 1494 1584; x_wconf 81' lang='lat' dir='ltr'>erat</span> 
     </span>
     <span class='ocr_line' id='line_1_25' title="bbox 173 1603 1496 1662; baseline -0.002 -12"><span class='ocrx_word' id='word_1_191' title='bbox 173 1609 377 1650; x_wconf 84' lang='lat' dir='ltr'>terrorem</span> <span class='ocrx_word' id='word_1_192' title='bbox 406 1606 586 1650; x_wconf 79' lang='lat' dir='ltr'>excivit:</span> <span class='ocrx_word' id='word_1_193' title='bbox 617 1620 714 1649; x_wconf 87' lang='lat' dir='ltr'>nam</span> <span class='ocrx_word' id='word_1_194' title='bbox 741 1608 791 1649; x_wconf 84' lang='lat' dir='ltr'>ut</span> <span class='ocrx_word' id='word_1_195' title='bbox 820 1606 1010 1649; x_wconf 81' lang='lat' dir='ltr'>exercitu</span> <span class='ocrx_word' id='word_1_196' title='bbox 1037 1604 1175 1649; x_wconf 86' lang='lat' dir='ltr'>deleto</span> <span class='ocrx_word' id='word_1_197' title='bbox 1201 1605 1262 1648; x_wconf 88' lang='lat' dir='ltr'>ita</span> <span class='ocrx_word' id='word_1_198' title='bbox 1275 1603 1496 1662; x_wconf 87' lang='lat' dir='ltr'>justitium</span> 
     </span>
     <span class='ocr_line' id='line_1_26' title="bbox 173 1668 1494 1728; baseline -0.001 -13"><span class='ocrx_word' id='word_1_199' title='bbox 173 1669 391 1723; x_wconf 89' lang='lat' dir='ltr'>indictum,</span> <span class='ocrx_word' id='word_1_200' title='bbox 435 1669 636 1715; x_wconf 79' lang='lat' dir='ltr'>custodiae</span> <span class='ocrx_word' id='word_1_201' title='bbox 676 1669 720 1713; x_wconf 90' lang='lat' dir='ltr'>in</span> <span class='ocrx_word' id='word_1_202' title='bbox 755 1669 888 1727; x_wconf 89' lang='lat' dir='ltr'>portis</span> <span class='ocrx_word' id='word_1_203' title='bbox 923 1668 1078 1728; x_wconf 83' lang='lat' dir='ltr'>vigih&#39;ae</span> <span class='ocrx_word' id='word_1_204' title='bbox 1111 1669 1283 1713; x_wconf 86' lang='lat' dir='ltr'>vicatim</span> <span class='ocrx_word' id='word_1_205' title='bbox 1323 1672 1494 1722; x_wconf 79' lang='lat' dir='ltr'>exactae,</span> 
     </span>
     <span class='ocr_line' id='line_1_27' title="bbox 175 1732 1496 1792; baseline -0.002 -13"><span class='ocrx_word' id='word_1_206' title='bbox 175 1749 291 1779; x_wconf 88' lang='lat' dir='ltr'>arma</span> <span class='ocrx_word' id='word_1_207' title='bbox 319 1734 405 1779; x_wconf 88' lang='lat' dir='ltr'>tela</span> <span class='ocrx_word' id='word_1_208' title='bbox 434 1735 478 1778; x_wconf 92' lang='lat' dir='ltr'>in</span> <span class='ocrx_word' id='word_1_209' title='bbox 508 1748 649 1778; x_wconf 90' lang='lat' dir='ltr'>muros</span> <span class='ocrx_word' id='word_1_210' title='bbox 681 1736 906 1792; x_wconf 86' lang='lat' dir='ltr'>congesta:</span> <span class='ocrx_word' id='word_1_211' title='bbox 940 1732 1134 1778; x_wconf 88' lang='lat' dir='ltr'>omnibus</span> <span class='ocrx_word' id='word_1_212' title='bbox 1160 1732 1399 1791; x_wconf 87' lang='lat' dir='ltr'>junioribus</span> <span class='ocrx_word' id='word_1_213' title='bbox 1429 1747 1496 1777; x_wconf 81' lang='lat' dir='ltr'>sa-</span> 
     </span>
     <span class='ocr_line' id='line_1_28' title="bbox 175 1796 1496 1854; baseline -0.002 -11"><span class='ocrx_word' id='word_1_214' title='bbox 175 1802 387 1844; x_wconf 84' lang='lat' dir='ltr'>cramento</span> <span class='ocrx_word' id='word_1_215' title='bbox 418 1798 576 1854; x_wconf 85' lang='lat' dir='ltr'>adactis</span> <span class='ocrx_word' id='word_1_216' title='bbox 608 1797 789 1842; x_wconf 82' lang='lat' dir='ltr'>dictator</span> <span class='ocrx_word' id='word_1_217' title='bbox 819 1797 872 1841; x_wconf 83' lang='lat' dir='ltr'>ad</span> <span class='ocrx_word' id='word_1_218' title='bbox 902 1797 1136 1842; x_wconf 79' lang='lat' dir='ltr'>exercitum</span> <span class='ocrx_word' id='word_1_219' title='bbox 1171 1797 1324 1841; x_wconf 87' lang='lat' dir='ltr'>missus</span> <span class='ocrx_word' id='word_1_220' title='bbox 1355 1796 1496 1841; x_wconf 82' lang='lat' dir='ltr'>omnia</span> 
     </span>
     <span class='ocr_line' id='line_1_29' title="bbox 175 1860 1494 1921; baseline -0.002 -14"><span class='ocrx_word' id='word_1_221' title='bbox 175 1878 248 1920; x_wconf 88' lang='lat' dir='ltr'>spe</span> <span class='ocrx_word' id='word_1_222' title='bbox 278 1862 569 1921; x_wconf 80' lang='lat' dir='ltr'>tranquilliora</span> <span class='ocrx_word' id='word_1_223' title='bbox 598 1865 641 1906; x_wconf 90' lang='lat' dir='ltr'>et</span> <span class='ocrx_word' id='word_1_224' title='bbox 671 1861 903 1919; x_wconf 88' lang='lat' dir='ltr'>composita</span> <span class='ocrx_word' id='word_1_225' title='bbox 932 1860 1124 1920; x_wconf 82' lang='lat' dir='ltr'>magistri</span> <span class='ocrx_word' id='word_1_226' title='bbox 1155 1861 1348 1919; x_wconf 88' lang='lat' dir='ltr'>equitum</span> <span class='ocrx_word' id='word_1_227' title='bbox 1381 1875 1494 1913; x_wconf 84' lang='lat' dir='ltr'>cura,</span> 
     </span>
     <span class='ocr_line' id='line_1_30' title="bbox 176 1924 1497 1982; baseline -0.002 -11"><span class='ocrx_word' id='word_1_228' title='bbox 176 1932 314 1971; x_wconf 86' lang='lat' dir='ltr'>castra</span> <span class='ocrx_word' id='word_1_229' title='bbox 343 1927 388 1971; x_wconf 91' lang='lat' dir='ltr'>in</span> <span class='ocrx_word' id='word_1_230' title='bbox 417 1927 617 1971; x_wconf 84' lang='lat' dir='ltr'>tutiorem</span> <span class='ocrx_word' id='word_1_231' title='bbox 648 1925 784 1970; x_wconf 89' lang='lat' dir='ltr'>locum</span> <span class='ocrx_word' id='word_1_232' title='bbox 817 1925 1000 1978; x_wconf 87' lang='lat' dir='ltr'>redacta,</span> <span class='ocrx_word' id='word_1_233' title='bbox 1033 1925 1227 1969; x_wconf 89' lang='lat' dir='ltr'>cohortes</span> <span class='ocrx_word' id='word_1_234' title='bbox 1258 1940 1352 1982; x_wconf 82' lang='lat' dir='ltr'>quae</span> <span class='ocrx_word' id='word_1_235' title='bbox 1376 1924 1497 1982; x_wconf 80' lang='lat' dir='ltr'>signa</span> 
     </span>
     <span class='ocr_line' id='line_1_31' title="bbox 175 1988 1495 2043; baseline -0.002 -9"><span class='ocrx_word' id='word_1_236' title='bbox 175 1992 399 2036; x_wconf 83' lang='lat' dir='ltr'>amiserant</span> <span class='ocrx_word' id='word_1_237' title='bbox 421 1995 543 2036; x_wconf 87' lang='lat' dir='ltr'>extra</span> <span class='ocrx_word' id='word_1_238' title='bbox 562 1989 717 2035; x_wconf 87' lang='lat' dir='ltr'>vallum</span> <span class='ocrx_word' id='word_1_239' title='bbox 745 1989 834 2034; x_wconf 88' lang='lat' dir='ltr'>sine</span> <span class='ocrx_word' id='word_1_240' title='bbox 854 1989 1049 2034; x_wconf 87' lang='lat' dir='ltr'>tentoriis</span> <span class='ocrx_word' id='word_1_241' title='bbox 1071 1988 1298 2034; x_wconf 86' lang='lat' dir='ltr'>destitutas</span> <span class='ocrx_word' id='word_1_242' title='bbox 1320 1989 1495 2043; x_wconf 87' lang='lat' dir='ltr'>invenit,</span> 
     </span>
     <span class='ocr_line' id='line_1_32' title="bbox 174 2051 1495 2113; baseline -0.003 -13"><span class='ocrx_word' id='word_1_243' title='bbox 174 2056 408 2100; x_wconf 79' lang='lat' dir='ltr'>exereitum</span> <span class='ocrx_word' id='word_1_244' title='bbox 431 2054 599 2100; x_wconf 89' lang='lat' dir='ltr'>avidum</span> <span class='ocrx_word' id='word_1_245' title='bbox 619 2069 786 2113; x_wconf 64' lang='lat' dir='ltr'>pugnae,</span> <span class='ocrx_word' id='word_1_246' title='bbox 810 2069 893 2112; x_wconf 91' lang='lat' dir='ltr'>quo</span> <span class='ocrx_word' id='word_1_247' title='bbox 921 2053 1128 2098; x_wconf 85' lang='lat' dir='ltr'>maturius</span> <span class='ocrx_word' id='word_1_248' title='bbox 1148 2051 1379 2111; x_wconf 80' lang='lat' dir='ltr'>ignominia</span> <span class='ocrx_word' id='word_1_249' title='bbox 1399 2053 1495 2097; x_wconf 82' lang='lat' dir='ltr'>abo·</span> 
     </span>
     <span class='ocr_line' id='line_1_33' title="bbox 173 2118 1494 2179; baseline -0.003 -12"><span class='ocrx_word' id='word_1_250' title='bbox 173 2122 354 2167; x_wconf 89' lang='lat' dir='ltr'>leretur:</span> <span class='ocrx_word' id='word_1_251' title='bbox 387 2123 529 2179; x_wconf 85' lang='lat' dir='ltr'>itaque</span> <span class='ocrx_word' id='word_1_252' title='bbox 555 2121 776 2167; x_wconf 83' lang='lat' dir='ltr'>confestim</span> <span class='ocrx_word' id='word_1_253' title='bbox 804 2125 942 2165; x_wconf 86' lang='lat' dir='ltr'>eastra</span> <span class='ocrx_word' id='word_1_254' title='bbox 968 2120 1064 2164; x_wconf 85' lang='lat' dir='ltr'>inde</span> <span class='ocrx_word' id='word_1_255' title='bbox 1091 2120 1137 2164; x_wconf 92' lang='lat' dir='ltr'>in</span> <span class='ocrx_word' id='word_1_256' title='bbox 1166 2134 1314 2177; x_wconf 84' lang='lat' dir='ltr'>agrum</span> <span class='ocrx_word' id='word_1_257' title='bbox 1341 2118 1494 2164; x_wconf 86' lang='lat' dir='ltr'>Rusel-</span> 
     </span>
     <span class='ocr_line' id='line_1_34' title="bbox 132 2183 1493 2248; baseline -0.001 -15"><span class='ocrx_word' id='word_1_258' title='bbox 132 2188 157 2228; x_wconf 80' lang='lat'><em>2</em></span> <span class='ocrx_word' id='word_1_259' title='bbox 173 2184 311 2233; x_wconf 79' lang='lat' dir='ltr'>lanum</span> <span class='ocrx_word' id='word_1_260' title='bbox 344 2187 565 2248; x_wconf 85' lang='lat' dir='ltr'>promovit.</span> <span class='ocrx_word' id='word_1_261' title='bbox 626 2186 690 2232; x_wconf 91' lang='lat' dir='ltr'>Eo</span> <span class='ocrx_word' id='word_1_262' title='bbox 719 2189 762 2231; x_wconf 90' lang='lat' dir='ltr'>et</span> <span class='ocrx_word' id='word_1_263' title='bbox 790 2184 933 2231; x_wconf 88' lang='lat' dir='ltr'>hostes</span> <span class='ocrx_word' id='word_1_264' title='bbox 963 2183 1135 2245; x_wconf 87' lang='lat' dir='ltr'>sequuti</span> <span class='ocrx_word' id='word_1_265' title='bbox 1161 2198 1414 2245; x_wconf 80' lang='lat' dir='ltr'>quamquam</span> <span class='ocrx_word' id='word_1_266' title='bbox 1437 2198 1493 2232; x_wconf 81' lang='lat' dir='ltr'>ex</span> 
     </span>
    </p>
   </div>
  </div>
 </body>
</html>
