1649 2452
161 82 236 120 446
478 81 522 119 T.
546 79 694 119 LIVII
725 78 1143 118 HISTORIARUM

159 175 409 233 umphatum
438 173 490 219 de
525 173 784 226 Tiburtibus,
817 173 1000 231 alioquin
1028 172 1142 216 mitis
1172 130 1471 218 νίοῒεξξίᾒοῗιξῗὲἶ

157 240 213 284 In
232 239 555 298 Tarquinienses
576 237 724 282 acerbe
745 238 961 282 saevitum:
993 237 1137 281 multis
1165 236 1410 282 mortalibus
1429 236 1475 280 in

159 306 247 351 acie
267 305 385 351 caesis
408 320 461 350 ex
479 304 643 361 ingenti
663 303 926 361 captivorum
946 318 1121 348 numero
1147 303 1328 348 trecenti
1356 302 1476 361 quin-

160 371 362 429 quaginta
391 373 487 413 octo
518 367 1009 413 delecti-nobilissimus
1046 367 1355 426 quisque—qui
1388 367 1477 412 Ro-

118 438 144 474 4·
159 451 270 479 mam
300 435 598 479 mitterentur:
631 432 783 489 vulgus
813 431 927 477 aliud
952 431 1224 476 trucidatum.
1284 432 1379 476 Nec
1406 446 1476 489 po-

159 499 283 558 pulus
303 500 349 543 in
368 513 439 543 eos
462 497 533 555 qui
552 496 671 541 missi
691 497 872 541 Romam
892 499 1011 541 erant
1037 496 1179 540 mitior
1199 495 1307 540 fuit:
1341 495 1476 540 medio

158 565 204 609 in
232 563 324 608 foro
354 577 497 608 omnes
529 561 658 619 virgis
691 561 788 605 caesi
828 576 876 605 ac
906 561 1043 606 securi
1071 560 1286 618 percussi:
1318 559 1363 604 id
1402 574 1477 618 pro

158 628 384 673 immolatis
414 628 459 671 in
485 626 577 671 foro
604 625 970 683 Tarquiniensium
999 625 1202 670 Romanis
1222 639 1355 683 poenae
1385 624 1479 669 hos-

121 693 274 737 5tibus
304 691 530 737 redditum.
591 690 679 735 Res
720 690 828 735 bello
868 690 974 734 bene
1003 693 1146 748 gestae,
1178 693 1228 733 ut
1271 689 1478 733 Samnites

121 762 143 798 6
162 772 328 815 quoque
349 755 575 800 amicitiam
601 758 808 813 peterent,
832 755 1073 799 effecerunt.
1134 753 1310 812 Legatis
1335 766 1481 797 eorum

162 822 337 867 comiter
378 820 429 864 ab
471 823 622 864 senatu
659 835 920 877 responsum,
954 818 1110 864 soedere
1148 818 1194 862 in
1235 817 1481 862 societatem

122 892 143 931 7
163 886 335 944 accept-i.
397 885 500 928 Non
534 884 679 928 eadem
715 884 827 928 domi
860 899 952 942 quae
986 883 1146 928 miljtiae
1185 883 1358 927 fortuna
1391 884 1482 926 erat

162 951 273 1009 plebi
304 951 531 994 Romanae:
564 964 661 992 nam
691 949 773 993 etsi
806 949 992 993 unciario
1027 948 1171 992 fenore
1201 947 1314 992 facto
1344 946 1484 991 levata

164 1030 295 1059 usura
330 1018 434 1065 erat,
468 1016 582 1058 sorte
617 1014 710 1071 ipsa
743 1013 1030 1058 obruebantur
1064 1013 1209 1070 inopes
1244 1027 1483 1070 nexumque

163 1079 350 1124 inibant:
384 1094 433 1123 eo
463 1093 540 1122 nec
573 1078 768 1136 patricios
805 1078 926 1123 ambo
962 1077 1153 1122 consules
1188 1091 1326 1135 neque
1360 1075 1484 1120 comi-

164 1145 322 1188 tiorum
342 1158 488 1187 curam
507 1142 727 1200 publicave
749 1143 889 1187 studia
909 1157 994 1200 prae
1015 1141 1189 1200 privatis
1211 1139 1485 1185 incommodis

165 1207 282 1266 plebs
305 1206 359 1251 ad
379 1207 564 1252 animum
585 1206 858 1251 admittebat:
891 1207 1137 1252 consulatus
1165 1209 1344 1264 uterque
1375 1204 1486 1262 apud

166 1272 364 1331 patricios
394 1275 563 1316 manet:
605 1271 797 1316 consules
828 1272 959 1316 creati
995 1271 1042 1315 C.
1068 1270 1277 1328 Sulpicius
1312 1269 1486 1314 Peticus

129 1347 152 1383 8
169 1341 367 1395 quartum
406 1336 470 1380 M.
502 1336 698 1381 Valerius
741 1335 959 1381 Publicola
996 1336 1165 1380 iterum.
1238 1335 1294 1379 In
1332 1333 1488 1379 bellum

167 1403 397 1448 Etruscum
429 1401 638 1446 intentam
673 1401 900 1456 civitatem,
932 1401 1030 1459 quia
1060 1400 1256 1444 Caeritem
1286 1398 1489 1457 populum

169 1465 454 1511 misericordia
488 1465 865 1523 consanguinitatis
905 1463 1278 1523 Tarquiniensibus
1319 1462 1490 1521 adjunc-

170 1535 265 1575 tum
293 1530 406 1574 fama
435 1529 609 1582 ferebat,
632 1529 762 1587 legati
782 1530 927 1574 Latini
955 1529 1007 1573 ad
1022 1529 1204 1573 Vulscos
1232 1531 1488 1580 convertere,

171 1595 417 1640 nuntiantes
439 1595 670 1639 exercitum
691 1594 975 1652 conscriptum
993 1597 1282 1651 armatumque
1296 1595 1385 1650 jam
1403 1592 1491 1636 suis

172 1660 326 1705 finibus
356 1660 585 1713 imminere,
615 1658 713 1703 inde
743 1659 1060 1717 populabundos
1088 1659 1134 1702 in
1161 1673 1307 1717 agrum
1335 1657 1492 1702 Roma-

134 1732 274 1771 9num
312 1727 510 1770 venturos
551 1739 654 1769 esse.
716 1724 888 1768 Censuit
923 1724 1055 1782 igitur
1095 1727 1264 1768 senatus
1299 1726 1493 1767 neutram

174 1789 468 1848 negligendam
498 1804 587 1834 rem
623 1804 726 1841 esse,
760 1794 941 1847 utroque
972 1788 1156 1846 legiones
1188 1786 1313 1832 scribi
1344 1802 1494 1832 consu-

112 1863 158 1899 10
175 1855 318 1913 lesque
339 1854 482 1899 sortiri
508 1853 742 1912 provincias
766 1854 906 1911 jussit.
967 1852 1193 1898 Inclinavit
1221 1851 1369 1896 deinde
1398 1867 1492 1910 pars

176 1923 309 1976 major
349 1935 461 1964 curae
500 1920 545 1963 in
583 1919 814 1963 Etruscum
861 1918 1028 1973 bellum,
1070 1923 1292 1976 postquam
1340 1916 1494 1962 litteris

179 1983 352 2041 Sulpicii
373 1983 568 2038 consulis,
590 1983 659 2027 cui
685 1983 901 2041 Tarquinii
927 1981 1139 2041 provincia
1166 1985 1375 2034 evenerat,
1399 1997 1497 2040 cog-

178 2049 315 2093 nitum
351 2052 417 2092 est
453 2047 753 2105 depopulatum
784 2063 931 2106 agrum
962 2047 1072 2091 circa
1101 2047 1313 2091 Romanas
1344 2045 1496 2091 salinas

179 2112 411 2171 praedaeque
447 2121 612 2170 partem
645 2112 691 2157 in
722 2112 924 2157 Caeritum
953 2111 1056 2156 fines
1087 2117 1276 2155 avectam
1306 2117 1349 2156 et
1384 2109 1498 2155 haud

181 2177 306 2222 dubie
333 2178 601 2237 juventutem
633 2178 723 2236 ejus
754 2176 897 2236 populi
926 2177 1038 2220 inter
1068 2175 1321 2235 praedatores
1350 2175 1495 2220 fuisse.

121 2248 161 2290 11
181 2242 334 2303 Itaque
369 2242 584 2289 Valerium
615 2242 842 2297 consulem,
873 2241 1041 2288 Vulscis
1072 2241 1312 2303 oppositum
1342 2245 1498 2294 castra«
