1649 2452
215 72 295 121 474
536 77 580 118 T.
613 77 762 117 LIVII
792 75 1213 117 HISTORIARUM
1328 129 1386 168 [A.
1403 127 1440 161 c.
1459 126 1534 161 339.

215 173 298 217 diei
329 171 380 216 dc
407 172 659 231 imperatore
694 172 896 217 sumendo
928 171 1150 217 sententiis
1182 171 1400 216 decertant
1429 170 1535 214 nulli

216 251 272 282 ex
304 237 582 295 praesentibus
619 237 722 281 satis
752 236 955 282 fidentes:
989 252 1111 296 quem
1143 238 1285 282 autem
1316 235 1368 280 ab
1398 235 1538 279 Roma

192 298 337 359 vposse
366 302 507 358 exciri,
534 317 659 360 quem
686 303 856 359 patrum
884 304 959 346 aut
989 301 1122 359 plebis
1150 316 1256 355 esse,
1285 299 1360 360 qui
1388 301 1463 344 aut
1491 314 1538 344 se

213 369 336 410 tanto
372 365 557 424 periculo
594 366 730 410 sciens
766 365 915 410 offerat
951 371 1025 410 aut
1060 366 1129 410 cui
1163 381 1218 410 ex
1246 365 1401 423 injuria
1428 364 1540 408 insa-

214 431 370 475 nientis
392 431 603 475 exercitus
625 445 753 474 eausa
772 433 889 475 recte
916 431 1238 475 committatur?
1279 432 1450 488 postero
1471 427 1540 473 die

216 511 347 554 quum
369 495 513 539 eadem
543 493 789 539 deliberatio
809 497 988 549 teneret,
1012 510 1066 539 ex
1093 494 1400 552 praedatoribus
1420 492 1540 551 vagis

216 561 385 619 quidam
418 563 680 619 compertum
716 561 961 606 adtulerunt
1001 562 1048 605 Τ.
1071 561 1324 609 Quinotium
1357 561 1403 605 in
1436 559 1541 604 Tus·

215 626 364 675 culauo
397 641 545 684 agrum
586 626 722 671 colere
760 625 878 670 urbis
913 625 1203 683 honorumque
1242 626 1541 670 immemorem.

177 694 197 733 7
216 690 412 735 Patriciae
441 690 510 735 hic
537 690 602 735 vir
631 691 771 748 gentis
802 693 906 744 erat,
939 690 1008 735 cui
1039 706 1170 749 quum
1199 689 1360 734 militiae
1389 703 1544 747 magna

218 770 312 799 cum
346 755 480 813 gloria
516 758 621 800 actae
661 755 786 799 finem
820 770 894 813 pes
929 755 1036 799 alter
1070 770 1124 799 ex
1157 754 1329 799 vulnere
1369 752 1543 798 claudus

216 820 398 874 fecisset,
418 819 509 863 ruri
537 835 661 878 agere
684 819 814 864 vitam
834 819 982 878 procul
1009 819 1237 864 ambitione
1258 834 1307 864 ae
1333 818 1428 863 foro
1449 832 1545 862 con-

177 894 197 929 S
217 884 371 928 stituit.
433 883 618 928 Nomine
648 883 793 928 audito
833 884 1045 941 extemplo
1078 899 1287 943 agnovere
1316 882 1456 927 virum
1485 884 1542 935 et,

176 957 198 994 9
217 949 329 1007 quod
360 948 464 993 bene
493 951 691 1002 verteret,
720 948 846 993 acciri
871 949 1104 1007 jusserunt.
1168 948 1252 994 Sed
1279 963 1428 1005 parum
1455 947 1546 1006 spei

216 1017 306 1058 erat
341 1013 562 1058 voluntate
603 1013 827 1072 quicquam
867 1014 1108 1058 facturum:
1141 1014 1225 1060 vim
1267 1012 1458 1058 adhiberi
1496 1026 1546 1058 ac

152 1089 199 1126 10
215 1080 376 1122 metum
416 1077 586 1136 placuit.
646 1078 800 1137 Itaque
841 1078 1008 1123 silentio
1044 1078 1181 1123 noctis
1213 1093 1351 1136 quum
1380 1079 1546 1122 tectum

215 1142 323 1187 villae
356 1142 429 1201 qui
461 1142 515 1187 ad
543 1142 588 1187 id
618 1143 738 1187 missi
766 1146 887 1187 erant
917 1143 1162 1199 intrassent,
1194 1157 1342 1187 somno
1373 1157 1546 1201 gravem

218 1207 464 1261 Quinctium
503 1207 919 1265 oppressum—nihil
958 1207 1158 1263 medium,
1199 1210 1274 1252 aut
1321 1207 1545 1265 imperium

218 1275 344 1330 atque
365 1272 578 1324 honorem,
603 1275 690 1326 aut,
713 1272 787 1317 ubi
814 1273 1043 1326 restitaret,
1066 1276 1247 1317 mortem
1274 1271 1320 1316 ni
1349 1286 1546 1331 sequere-

156 1342 197 1380 11
216 1342 288 1380 tur
320 1336 723 1381 denuntiantes—in
752 1341 892 1382 castra
932 1340 1246 1395 pertraxerunt.
1307 1337 1545 1395 Imperator
1630 1338 1634 1350 ⁴

218 1402 431 1459 extemplo
453 1401 677 1446 adveniens
709 1402 958 1459 appellatus,
981 1402 1247 1460 insigniaque
1274 1400 1446 1447 honoris
1473 1417 1545 1446 ex·

217 1468 367 1511 territo
390 1466 541 1511 subItae
561 1467 624 1511 rei
643 1467 844 1511 miraculo
866 1467 1062 1512 deferunt
1084 1470 1128 1512 et
1150 1466 1204 1511 ad
1223 1466 1371 1511 urbem
1391 1465 1545 1512 ducere

156 1533 380 1590 l2jubent.
443 1532 529 1576 Suo
569 1532 704 1590 magis
734 1531 831 1577 inde
871 1533 1035 1589 impetu
1065 1548 1191 1591 quam
1221 1532 1395 1577 consilio
1425 1531 1545 1577 ducis

219 1597 428 1642 convulsis
450 1597 583 1654 signis
604 1597 759 1642 infesto
782 1597 946 1656 agmine
968 1597 1020 1642 ad
1047 1597 1229 1656 lapidem
1249 1600 1446 1642 octavum
1466 1597 1545 1642 viae

220 1678 311 1721 quae
348 1677 462 1707 nunc
491 1662 631 1720 Appia
671 1666 737 1707 est
767 1663 1031 1720 perveniunt,
1064 1663 1282 1721 issentque
1322 1662 1545 1707 confestim

221 1727 274 1772 ad
305 1727 465 1782 urbem,
499 1729 544 1772 ni
574 1727 717 1772 venire
753 1731 900 1772 contra
940 1728 1172 1773 exercitum
1212 1727 1546 1786 dictatoremque

223 1793 422 1838 adversus
463 1808 508 1838 se
548 1793 611 1837 M.
641 1792 859 1837 Valerium
901 1793 1086 1838 Corvum
1127 1793 1288 1838 dietum
1328 1793 1545 1837 audissent

102 1857 265 1912 (40)et
297 1859 545 1917 magistrum
574 1858 763 1916 equitum
793 1857 844 1902 L.
869 1858 1087 1902 AEmilium
1118 1858 1395 1902 Mamercum.
1456 1856 1545 1902 Ubi

222 1923 401 1980 primum
430 1923 474 1967 in
501 1928 774 1981 conspectum
798 1927 972 1967 ventum
994 1927 1072 1976 est,
1101 1937 1215 1967 arma
1243 1923 1446 1981 signaque
1473 1936 1545 1980 ag-

220 2003 384 2041 novere,
410 1987 620 2045 extemplo
641 1987 835 2032 omnibus
864 1988 1065 2032 memoria
1086 1988 1232 2046 patriae
1258 1988 1342 2032 iras
1363 1987 1544 2045 permul-

180 2059 201 2094 2
220 2053 286 2096 sit.
349 2051 552 2096 Nondum
585 2056 704 2096 crant
734 2055 821 2096 tam
853 2052 986 2097 sortes
1017 2052 1070 2096 ad
1100 2052 1349 2110 sanguinem
1379 2051 1543 2097 civilem

218 2133 294 2162 nec
335 2121 486 2176 praeter
527 2123 702 2163 externa
740 2121 945 2163 noverant
986 2118 1095 2163 bella
1134 2119 1370 2176 ultimaque
1405 2117 1543 2162 rabies

177 2189 198 2224 3
218 2182 397 2228 secessio
438 2182 489 2227 ab
531 2184 618 2227 suis
657 2183 905 2229 habebatur.
971 2182 1126 2241 Itaque
1160 2182 1248 2241 jam
1289 2182 1417 2228 duces
1454 2182 1543 2241 J'am

214 2247 371 2296 milites
418 2247 632 2309 utrimque
680 2263 932 2308 congressus
980 2262 1168 2311 quaerere
1215 2247 1270 2296 ad
1308 2246 1539 2313 colloquiaz
