1649 2452
606 93 718 134 LIB.
749 94 801 134 X.
836 97 873 143 5,
894 96 931 134 6.
1340 98 1416 136 605

100 150 147 182 A.
162 150 199 181 e.
217 149 306 190 sou]

99 150 306 250 pacatamJ
321 189 374 235 ab
406 189 612 234 dictatore
643 189 858 234 Etruriam
891 203 984 234 esse
1019 188 1294 234 seditionibus
1324 192 1418 234 tan-

101 260 195 301 tum
235 254 533 300 Arretinorum
578 254 820 312 compositis
861 258 905 298 et
946 253 1082 297 Cilnio
1128 268 1280 312 genere
1321 269 1417 298 cum

98 320 259 378 plebe
246 335 291 364 111
317 319 496 377 gratiam
523 318 711 363 reducto.
775 318 934 363 Consul
961 333 1013 362 ex
1042 318 1252 362 dictatura
1278 318 1416 362 factus

98 385 162 430 M.
183 385 393 429 Valerius.
454 383 556 428 Non
585 387 796 441 petentem
827 389 953 441 atquc
982 383 1084 428 adeo
1113 383 1240 427 etiam
1271 382 1417 428 0115011-
1435 391 1457 427 9

98 453 187 495 tem
221 453 407 494 creatum
444 448 657 494 credidere
693 448 861 507 quidam
897 453 941 492 et
976 464 1052 506 per
1085 448 1338 505 interregem
1369 462 1418 492 ea

98 513 269 560 comitia
308 513 445 558 facta:
492 513 536 558 id
576 529 709 558 unum
746 527 834 557 11011
873 512 1114 572 ambigitur,
1154 512 1418 558 consulatum

99 592 196 624 eum
216 577 397 636 Apuleio
417 577 558 622 Pansa
577 578 770 636 gessisse.

158 643 221 687 M.
251 641 420 686 Valerio
456 646 500 686 et
537 642 592 691 Q.
624 642 805 700 Apuleio
845 642 1087 687 consulibus
1123 642 1227 686 satis
1262 650 1418 700 pacatae
1435 646 1506 700 (6)

99 707 202 752 foris
222 722 290 751 res
318 706 460 751 fuere:
493 707 725 751 Etruscum
754 706 928 751 adversa
955 707 1053 752 belii
1078 722 1146 751 res
1168 710 1211 751 et
1240 705 1419 751 induciae

100 771 289 830 quietum
314 770 531 826 tenebant,
555 772 786 816 Samnitem
813 771 1041 816 multorum
1071 786 1274 816 annorum
1297 769 1419 815 cladi-

98 835 179 880 bus
200 834 408 879 domitum
429 835 644 879 hauddum
668 835 837 880 foederis
857 836 956 880 novi
983 835 1238 894 poenitebat:
1271 835 1418 882 Romae,

100 915 266 959 quoque
294 898 458 957 plebem
488 900 672 958 quietam
702 904 745 944 et
776 907 1046 945 exoneratam
1075 899 1256 945 deducta
1282 900 1327 943 in
1354 914 1419 944 co-

98 964 230 1009 Ionias
258 963 491 1008 multitudo
518 964 759 1022 praestabat.
819 965 991 1018 Tamen,
1014 980 1067 1009 110
1094 965 1279 1023 undique
1307 969 1418 1008 tran·
1435 975 1457 1011 2

99 1028 239 1087 quillae
273 1043 342 1073 res
383 1032 539 1085 essent,
571 1034 784 1074 certamen
822 1029 1024 1087 injectum
1063 1029 1175 1073 inter
1213 1029 1418 1086 primores

98 1093 282 1138 civitatis
312 1093 509 1151 patricios
540 1093 809 1152 plebeiosque
839 1094 891 1138 ab
921 1094 1103 1139 tribunis
1133 1093 1267 1152 plebis
1296 1093 1350 1142 Q.
1375 1098 1418 1138 et

99 1158 177 1203 Cn.
200 1157 408 1217 091111115,
433 1159 505 1216 qui
524 1158 711 1217 undique
739 1158 1092 1203 criminandorum
1113 1163 1282 1217 patrum
1304 1157 1419 1216 apud

98 1223 263 1281 plebem
302 1222 590 1268 occasionibus
633 1223 833 1282 quaesitis,
875 1227 1100 1281 postquam
1140 1223 1220 1267 alia
1258 1223 1418 1267 frustra

96 1290 306 1346 temptata
344 1291 477 1342 erant,
513 1303 605 1332 eam
645 1288 852 1333 actionem
893 1291 1170 1344 susceperunt
1211 1303 1293 1347 qua
1332 1302 1416 1332 non

97 1353 282 1398 infimam
302 1350 466 1410 plebem
493 1351 768 1398 accenderent
797 1352 873 1397 sed
892 1353 985 1414 ipsa
1010 1353 1148 1410 capita
1168 1352 1300 1410 plebis
1322 1367 1417 1397 con·

98 1417 258 1462 sulares
284 1416 645 1475 triumphalesque
672 1417 869 1475 plebeiOS,
894 1432 1072 1476 quorum
1098 1416 1327 1462 honoribus
1354 1417 1418 1462 ni-

96 1482 157 1527 hil
191 1484 346 1540 praeter
381 1481 626 1536 sacerdotia,
660 1497 753 1541 quae
785 1482 972 1527 nondum
1011 1483 1248 1540 promiscua
1282 1486 1415 1536 erant,

97 1545 306 1591 deessent.
367 1546 651 1604 Rogationem
691 1562 791 1605 ergo
831 1547 1153 1605 promulgarunt
1188 1551 1251 1600 ut,
1285 1562 1417 1605 quum
1433 1562 1456 1598 3

97 1615 300 1670 quattuor
340 1626 522 1669 augures
569 1615 771 1670 quattuor
810 1611 1029 1669 pontifices
1075 1627 1125 1656 ea
1163 1615 1416 1670 tempestate

96 1679 237 1721 essent
268 1675 535 1734 placeretque
563 1677 708 1734 augeri
737 1676 1003 1720 sacerdotum
1030 1691 1265 1729 numerum,
1295 1680 1417 1733 quat-

96 1746 196 1785 tuor
226 1740 446 1796 pontifices
478 1740 663 1799 quinque
693 1755 874 1799 augures
905 1740 957 1785 de
984 1740 1105 1799 plebe
1136 1756 1279 1785 omnes
1307 1740 1415 1785 adle-

95 1809 309 1864 gerentur.
384 1805 524 1853 Quem
566 1804 619 1849 ad
658 1804 828 1849 modurn
869 1804 922 1849 ad
962 1811 1166 1862 quattuor
1206 1820 1414 1864 augurum
1430 1818 1453 1855 4

95 1885 319 1914 numerum
348 1869 431 1913 nisi
461 1873 596 1914 morte
633 1869 811 1913 duorum
840 1869 885 1913 id
914 1869 1048 1927 redigi
1083 1869 1304 1928 collegium
1339 1885 1413 1929 po·

95 1934 228 1979 tuerit
257 1936 353 1978 nm
372 1934 553 1985 invenio,
584 1949 711 1991 quum
740 1933 852 1978 inter
878 1949 1060 1992 augures
1089 1938 1255 1979 constet
1282 1934 1413 1992 impa-

95 2014 184 2044 rem
222 2013 444 2043 numerum
494 1998 645 2044 debere
686 2013 791 2050 esse,
831 2002 879 2042 ut
925 2003 1012 2043 tres
1053 2000 1236 2057 antiquae
1275 1999 1413 2045 tribus

97 2065 280 2108 Ramnes
306 2063 515 2107 Titienses
543 2063 729 2107 Luceres
757 2078 881 2107 suum
909 2079 1084 2122 quaeque
1112 2079 1316 2122 augurem
1341 2064 1416 2109 ha-

95 2127 236 2182 beant,
264 2134 352 2181 aut,
381 2127 418 2172 si
448 2126 638 2185 pluribus
671 2127 728 2171 sit
758 2141 877 2185 opus,
907 2128 997 2185 pari
1027 2128 1139 2172 inter
1167 2143 1214 2173 se
1242 2144 1417 2174 numero

14 2222 17 2227 ,
97 2191 338 2237 sacerdotes
356 2191 638 2250 multiplicent
666 2191 776 2236 sicut
806 2191 1073 2250 multiplicati
1093 2196 1193 2237 sunt
1213 2208 1344 2252 quum
1366 2194 1418 2239 ad

100 2258 303 2318 quattuor
328 2255 514 2319 quinque
541 2255 697 2319 adjecti
722 2271 872 2303 novem
899 2272 1134 2313 numerum,
1156 2261 1206 2303 ut
1234 2256 1347 2303 terni
1374 2259 1418 2305 in
