1649 2452
158 104 234 142 552
475 105 520 144 T.
553 103 700 144 LIVII
733 104 1149 147 HISTORIARUM

121 196 304 240 Scastris
334 197 519 242 host-ium
548 198 722 253 imperio
754 214 802 244 ac
832 200 954 244 minis
985 158 1470 259 expulissent.[A'I‘t³hi³1i1⁸e

156 259 267 316 apud
286 261 470 306 infensos
487 262 541 306 ob
556 262 863 320 interpellatam
879 263 1138 309 dulcedinem
1158 265 1230 309 irae
1251 265 1472 309 confestim

156 324 289 368 oratio
315 325 458 369 habita
487 329 565 378 est,
594 330 643 369 nt
675 325 895 371 doceretur
924 328 1054 382 miles,
1081 328 1249 373 minime
1279 328 1473 386 cuiquam

156 387 335 431 militum
366 388 556 433 consules
587 389 682 434 odio
711 390 756 434 in
784 390 927 435 hostes
958 392 1132 436 cessisse
1163 395 1236 436 aut
1266 407 1469 445 cessur08‚

158 451 259 508 quin
287 451 413 496 duces
442 453 551 496 sicut
583 452 683 497 belli
709 454 770 497 ita
795 454 1041 499 insatiabilis
1078 456 1270 514 supplicii
1303 456 1471 500 futuros

157 515 299 568 fuisse,
323 516 367 559 ni
387 520 603 573 respectus
631 518 820 574 equitum
852 522 1156 572 sexcentorum,
1181 520 1254 577 qui
1282 519 1473 564 Luceriae

157 579 322 624 obsides
352 584 610 633 tenerentur,
639 581 945 639 praepedissent
973 583 1143 636 animos,
1172 598 1226 627 ne
1255 582 1475 640 desperata

159 644 282 687 venia
312 643 457 688 hostes
488 659 618 688 caeeos
646 645 690 688 in
720 645 924 703 supplicia
953 661 1096 690 eorum
1128 650 1271 704 ageret
1301 646 1473 704 perdere

123 716 146 754 9
162 707 277 764 prius
299 723 423 765 quam
450 709 586 765 perire
613 713 820 766 optantes.
880 710 1075 754 Laudare
1103 726 1152 754 ea
1178 710 1332 754 milites
1358 709 1474 755 laeta-

161 771 280 829 rique
315 771 479 816 obviam
508 773 617 816 itum
651 773 723 817 irae
755 789 841 818 suae
871 789 962 818 esse
998 789 1046 818 ac
1081 774 1205 818 fateri
1235 774 1374 818 omnia
1401 789 1474 832 pa-

160 835 305 880 tienda
344 836 486 893 potius
527 852 651 894 quam
690 837 939 894 proderetur
980 838 1091 882 salus
1132 841 1198 882 tot
1237 839 1474 896 principum

53 897 147 949 (15)
161 899 363 944 Romanae
392 901 644 956 juventutis.
705 901 892 946 Dimissa
926 902 1123 947 concione
1154 902 1371 947 consilium
1400 902 1474 946 ha·

160 963 307 1016 bitum,
330 964 576 1009 omnibusne
597 965 726 1022 copiis
754 965 977 1010 Luceriam
1005 970 1240 1024 premerent
1263 981 1317 1010 an
1343 966 1474 1010 altero

160 1028 349 1072 exercitu
370 1032 412 1072 et
434 1028 538 1073 duce
559 1029 689 1086 Apuli
709 1029 980 1088 cirea—gens
1009 1030 1145 1075 dubiae
1175 1030 1227 1074 ad
1258 1030 1302 1074 id
1331 1030 1474 1074 volun-

123 1097 147 1134 2
161 1092 641 1150 tatis—temptarentur.
702 1093 907 1138 Publilius
929 1094 1075 1138 consul
1096 1093 1147 1138 ad
1175 1093 1474 1153 peragrandam

160 1155 374 1213 profectus
395 1156 591 1214 Apuliam
613 1156 771 1214 aliquot
799 1157 1063 1215 expeditione
1083 1173 1169 1202 una
1194 1157 1370 1215 populos
1402 1167 1475 1201 aut

124 1227 147 1263 3
162 1220 202 1263 vi
223 1220 390 1278 subegit
412 1225 484 1265 aut
506 1221 814 1266 conditionibus
835 1222 879 1265 in
900 1222 1142 1266 societatem
1164 1222 1335 1279 accepit.
1396 1221 1474 1266 Pa-

161 1285 267 1342 pirio
307 1301 485 1342 quoque,
524 1286 593 1344 qui
634 1285 827 1330 obsessor
866 1286 1057 1331 Luceriae
1096 1287 1324 1341 restiterat,
1358 1285 1475 1330 brevi

162 1348 214 1392 ad
234 1365 351 1407 spem
378 1354 552 1394 eventus
579 1349 818 1407 respondit:
850 1366 944 1394 nam
967 1351 1136 1394 insessis
1164 1350 1356 1395 omnibus
1383 1351 1475 1406 viis,

161 1428 236 1470 per
271 1429 372 1470 quas
406 1419 660 1459 commeatus
692 1430 745 1459 ex
781 1415 948 1458 Samnio
985 1414 1476 1470 subvehebantur‚·fame

163 1476 311 1522 domiti
342 1479 564 1532 Samnites,
594 1479 665 1536 qui
695 1479 884 1523 Luceriae
914 1479 957 1522 in
984 1479 1178 1536 praesidio
1206 1483 1337 1530 erant,
1364 1478 1477 1536 lega-

162 1546 229 1585 tos
257 1542 406 1587 misere
434 1543 486 1586 ad
515 1543 728 1587 consulem
756 1543 1007 1594 Romanum,
1035 1547 1085 1587 ut
1116 1543 1296 1599 receptis
1327 1543 1477 1601 equiti-

127 1604 242 1649 4bus
279 1606 350 1663 qui
386 1621 512 1650 causa
545 1607 643 1651 belli
678 1611 818 1651 essent
853 1606 1075 1651 absisteret
1111 1606 1338 1651 obsidione.
1414 1607 1475 1651 Iis

163 1669 357 1727 Papirius
384 1670 446 1714 ita
472 1671 701 1728 respondit,
723 1670 916 1715 debuisse
944 1686 1015 1715 eos
1043 1671 1242 1715 Pontium
1270 1671 1476 1715 Herennii

164 1733 306 1788 filium,
330 1750 412 1792 quo
434 1740 604 1780 auctore
626 1736 839 1780 Romanos
861 1735 939 1780 sub
956 1735 1105 1794 jugum
1134 1735 1358 1791 misissent,
1379 1750 1476 1780 con-

129 1798 312 1852 5sulere,
337 1799 437 1857 quid
457 1800 579 1844 victis
605 1799 847 1857 patiendum
876 1803 1076 1844 censeret.
1140 1798 1349 1843 Caeterum
1372 1815 1475 1857 quo-

164 1863 276 1906 niam
307 1862 358 1908 ab
389 1863 580 1908 hostibus
616 1865 659 1908 in
690 1880 735 1909 se
765 1879 884 1922 {equa
914 1863 1046 1908 statui
1076 1878 1199 1921 quam
1232 1864 1276 1907 in
1309 1879 1355 1908 se
1396 1864 1475 1922 ipsi

165 1927 274 1970 serre
295 1927 529 1980 maluerint,
552 1929 746 1973 nuntiare
766 1928 986 1972 Luceriam
998 1928 1141 1984 jussit,
1159 1942 1272 1970 arma
1291 1927 1474 1972 sarcinas

162 1991 354 2048 jumenta
386 1992 695 2036 multitudinem
733 2008 897 2036 omnem
938 1991 1142 2036 imbellem
1180 1992 1291 2035 intra
1323 1992 1476 2036 moenia

166 2055 461 2113 relinquerent,
491 2057 663 2100 militem
697 2073 740 2100 se
771 2072 866 2100 cum
898 2055 1072 2114 singulis
1103 2055 1365 2100 vestimentis
1395 2056 1474 2101 sub

164 2119 314 2177 jugum
335 2121 571 2174 missurum,
593 2121 861 2165 ulciscentem
892 2120 1047 2164 illatam
1077 2134 1162 2163 non
1191 2134 1339 2163 novam
1369 2119 1475 2165 infe-

131 2191 329 2231 orontem
364 2184 644 2242 ignominiam.
706 2184 826 2229 Nihil
857 2188 1119 2229 recusatum:
1152 2187 1311 2241 septem
1347 2183 1475 2228 millia

168 2247 348 2293 militum
382 2248 460 2294 sub
486 2249 637 2308 jugum
675 2249 803 2294 missa
836 2247 1057 2307 praedaque
1095 2248 1244 2307 ingens
1283 2247 1473 2295 Luceriae
