1649 2452
214 116 290 153 1352
533 114 577 153 T.
612 113 757 153 LlVII
791 114 1210 156 HISTORIARUM

212 208 334 252 laetus
363 207 595 265 auspicium
624 210 841 268 egregium
871 225 963 254 esse
984 212 1028 254 et
1057 209 1146 254 deis
1175 169 1532 255 auctorisiusf'rffxii

169 286 192 322 6
217 275 411 328 gesturos
439 272 684 330 pronuntiat
717 274 967 332 signumque
997 289 1149 332 pugnae
1180 274 1390 332 proponit.
1449 274 1535 319 Ex-

214 335 332 379 eunti
350 336 436 393 jam
459 336 570 380 forte
599 336 643 380 in
664 337 794 381 aciem
815 337 983 381 nuntiat
1011 337 1188 395 perfuga
1210 337 1361 396 viginti
1388 337 1535 382 eohor-

214 403 280 443 tes
296 400 963 459 Samnitium—quadringcnariae
976 401 1106 446 ferme
1116 401 1533 446 erant-Cominium

213 463 449 521 profectas:
483 464 595 522 quod
615 480 666 509 ne
687 465 900 522 ignoraret
921 465 1092 521 collega,
1108 465 1319 523 extemplo
1339 465 1535 510 nuntium

213 527 359 581 mittit,
382 527 472 585 ipse
492 528 614 585 signa
633 529 749 573 ocius
777 530 956 587 proferri
972 528 1118 586 jubet:
1151 529 1421 588 subsidiaque
1449 529 1536 573 suis

215 607 389 650 quaeque
410 591 511 636 loeis
533 596 576 636 et
602 594 821 650 praefectos
843 593 1040 638 subsidiis
1069 593 1355 638 adtribuerat:
1388 593 1538 638 dextro

215 671 345 700 cornu
379 656 430 700 L.
454 656 728 701 Volumnium
765 658 935 702 sinistro
966 657 1018 701 L.
1043 657 1294 715 Scipionem,
1323 657 1536 714 equitibus

174 725 194 764 7
215 719 376 778 legatos
405 719 506 764 alios
529 721 577 765 C.
599 721 826 766 Caedicium
855 725 898 766 et
925 721 1180 766 Trebonium
1204 721 1402 779 praefecit.
1466 721 1537 777 Sp.

215 784 423 828 Nautium
444 784 579 829 mulos
605 784 804 830 detractis
827 785 990 830 clitellis
1012 801 1104 830 cum
1128 785 1372 830 cohortibus
1401 783 1538 829 alariis

216 848 260 892 in
294 848 504 892 tumulum
538 853 810 907 conspectum
846 865 1021 907 propere
1058 849 1371 894 circumducere
1400 849 1536 906 jubet,

216 915 342 970 atque
376 912 473 957 inde
513 912 624 957 inter
658 913 792 971 ipsam
827 913 1135 958 dimicationem
1167 918 1324 972 quanto
1361 913 1539 958 maxime

176 987 198 1023 8
217 982 359 1032 posset
380 981 496 1021 moto
524 978 695 1035 pulvere
716 978 949 1022 ostendere.
1011 978 1124 1022 Dum
1156 978 1222 1022 his
1243 978 1435 1022 intentus
1462 977 1540 1021 im-

217 1044 384 1098 perator
414 1044 517 1094 erat,
541 1041 758 1086 altercatio
785 1042 896 1086 inter
925 1042 1124 1099 pullarios
1155 1046 1249 1086 orta
1270 1041 1321 1086 de
1352 1041 1540 1099 auspicio

217 1105 306 1162 ejus
344 1104 427 1149 diei
457 1106 738 1164 exauditaque
769 1108 821 1151 ab
852 1106 1064 1163 equitibus
1097 1107 1314 1159 Romanis,
1347 1106 1423 1164 qui
1451 1121 1541 1150 rem

215 1168 330 1213 haud
361 1169 634 1227 spernendam
666 1171 746 1215 rati
776 1171 846 1228 Sp.
870 1170 1039 1228 Papirio
1070 1170 1212 1214 fratris
1240 1169 1325 1214 filio
1356 1169 1542 1215 consulis

175 1243 198 1281 9
217 1232 373 1292 ambigi
394 1233 446 1278 de
467 1234 655 1291 auspicio
683 1235 1047 1279 renuntiaverunt.
1107 1235 1136 1278 J
1141 1235 1288 1279 uvenjs
1316 1242 1414 1279 ante
1442 1233 1543 1278 ‹loc-

217 1297 371 1341 trinam
393 1297 493 1342 deos
523 1302 789 1356 spernentem
816 1304 942 1343 natus
964 1314 1050 1343 rem
1081 1298 1336 1356 inquisitam,
1358 1313 1410 1343 ne
1438 1295 1543 1356 quid

153 1373 199 1409 10
218 1362 524 1419 incompertum
554 1363 748 1416 deferret,
780 1362 832 1407 ad
860 1363 1073 1407 consulem
1103 1362 1268 1407 detulit.
1332 1362 1413 1407 Cui
1442 1363 1541 1407 ille:

221 1430 247 1448 “
262 1426 328 1470 Tu
349 1426 517 1484 quidem
537 1431 673 1471 macte
694 1428 853 1471 virtute
875 1427 1174 1485 diligentiaque
1196 1427 1306 1471 esto!
1341 1431 1536 1472 caeterum

220 1491 291 1549 qui
313 1491 497 1548 auspicio
520 1491 639 1536 adest
671 1492 707 1536 si
729 1491 828 1549 quid
850 1490 943 1535 falsi
964 1491 1146 1544 nuntiat,
1168 1492 1212 1535 in
1243 1495 1375 1535 semet
1402 1492 1537 1549 ipsum

220 1555 465 1611 religionem
494 1556 670 1613 recipit:
704 1555 806 1600 mihi
828 1555 993 1613 quidem
1022 1553 1256 1613 tripudium
1283 1555 1538 1608 nuntiatum,

222 1619 373 1677 populo
395 1619 588 1664 Romano
619 1619 908 1677 exercituique
936 1619 1153 1677 egregium
1175 1619 1405 1676 auspicium
1431 1619 1539 1664 est.''

157 1693 198 1729 11
221 1684 550 1728 Centurionibus
572 1684 721 1728 deinde
738 1683 959 1741 imperavit
980 1684 1045 1728 uti
1065 1683 1262 1741 pullarios
1279 1683 1389 1728 inter
1410 1684 1543 1742 prima

221 1748 341 1806 signa
361 1749 680 1793 constituerent.
742 1749 998 1793 Promovent
1026 1752 1070 1793 et
1092 1748 1300 1792 Sanmites
1326 1748 1457 1807 signa,
1480 1748 1543 1792 in-

221 1813 414 1870 sequitur
453 1813 562 1857 aeies
593 1816 742 1857 ornata
782 1817 1024 1871 armataque
1064 1816 1113 1856 ut
1152 1812 1339 1856 hostium
1375 1827 1542 1870 quoque

159 1884 204 1920 12
223 1877 486 1935 magnifieum
509 1877 794 1935 spectaculum
815 1881 940 1922 esset.
1001 1876 1126 1921 Prius
1144 1892 1268 1934 quam
1290 1876 1444 1921 clamor
1463 1877 1543 1920 tol-

222 1941 379 1985 leretur
410 1946 813 1999 concurrereturque
834 1942 986 1986 emisso
1016 1945 1175 1985 temere
1206 1940 1288 1998 pilo
1310 1940 1420 1985 ictus
1451 1940 1544 1998 pul-

222 2005 350 2049 larius
382 2010 479 2050 ante
508 2006 629 2064 signa
658 2006 833 2050 cecidit:
868 2005 979 2064 quod
1008 2005 1081 2050 ubi
1112 2005 1270 2050 consuli
1302 2004 1544 2049 nuntiatum

223 2074 301 2124 est,
327 2070 434 2114 “Dii
455 2070 498 2114 in
518 2071 663 2128 proelio
685 2070 810 2114 sunt''
833 2070 982 2127 inquit,
1004 2069 1165 2114 “habet
1187 2085 1350 2127 poenam
1371 2070 1543 2114 noxium

163 2141 206 2177 13
224 2135 394 2191 caput.''
464 2135 577 2179 Ante
620 2134 833 2179 consulem
874 2134 961 2179 haee
1003 2134 1210 2178 dicentem
1251 2149 1400 2178 corvus
1442 2149 1544 2179 voce

225 2198 336 2242 clara
356 2198 552 2252 occinuit,
569 2214 651 2256 quo
673 2198 795 2243 laetus
818 2199 993 2256 augurio
1015 2198 1161 2243 consul
1181 2197 1402 2242 adfirmans
1424 2213 1544 2243 num-

226 2278 349 2322 quam
379 2263 570 2308 humanis
599 2263 723 2309 rebus
755 2263 888 2322 magis
910 2267 1136 2322 praesentes
1165 2261 1408 2308 interfuisse
1429 2261 1543 2321 deos,
