1649 2452
222 70 299 108 448
541 67 586 107 T.
609 66 759 106 LIVII
790 65 1208 106 HISTORIARUM
1327 119 1374 158 [A
1401 119 1427 152 c
1456 119 1518 152 349

221 171 314 206 tum
344 175 393 206 ac
417 161 727 219 receptaculum
757 160 1044 206 Romanorum
1074 175 1299 216 sacrorum,
1324 161 1533 206 intactum

221 226 550 282 inviolatumque
580 225 750 270 crimine
780 225 879 270 belli
908 225 1093 284 hospitio
1122 225 1359 270 Vestalium
1390 225 1534 270 cultis-

183 298 304 351 4que
325 291 404 336 diis
432 290 593 334 darent.
654 289 795 333 Movit
822 290 1023 348 populum
1049 306 1134 334 non
1160 294 1248 334 tam
1278 304 1404 334 causa
1430 305 1535 347 prae-

221 372 318 401 sens
350 370 475 414 quam
507 357 626 399 vetus
665 353 863 398 meritum
891 358 942 399 ut
971 354 1162 400 maleficii
1191 369 1315 412 quam
1345 354 1534 399 beneficii

219 422 362 479 potius
397 420 659 464 immemores
697 422 865 464 essent:
906 419 1048 478 itaque
1083 435 1165 477 pax
1200 418 1355 476 populo
1391 418 1535 463 Caeriti

221 485 332 538 data,
363 483 635 541 induciasque
674 483 720 526 in
758 486 927 528 centum
963 498 1093 527 annos
1124 484 1256 527 factas
1286 483 1331 527 in
1361 487 1534 528 senatus

183 557 205 594 5
221 549 414 595 consulta
433 548 580 592 referri
599 546 770 605 placuit.
830 547 885 592 In
911 548 1096 592 Faliscos
1117 547 1262 592 eodem
1289 547 1436 592 noxios
1457 548 1535 592 cri-

220 615 331 660 mine
350 614 414 658 vis
434 612 534 657 belli
555 626 754 656 conversa
773 615 851 667 est,
868 612 942 657 sed
962 612 1107 657 hostes
1127 627 1332 670 nusquam
1348 612 1533 656 inventi:

221 694 350 738 quum
379 677 648 736 populatione
680 677 892 734 peragrati
919 677 1022 721 fines
1054 679 1207 731 essent,
1240 675 1292 720 ab
1321 675 1536 735 oppugna-

219 744 334 788 tione
373 742 542 786 urbium
581 745 864 799 temperatum
903 741 1222 800 legionibusque
1256 741 1434 785 Romam
1474 757 1536 786 re·

219 807 357 852 ductis
378 805 586 864 reliquum
617 806 714 850 anni
734 806 864 850 muris
891 805 1164 863 turribusque
1184 804 1417 850 reficiendis
1441 820 1536 851 con·

219 875 435 930 sumptum
452 887 462 915 z
493 873 537 915 et
558 869 667 915 aedes
688 870 895 928 Apollinis
917 870 1108 915 dedicata
1128 873 1206 915 est.

107 937 206 991 (21)
277 937 479 981 Extremo
509 949 618 979 anno
653 935 822 979 comitia
856 935 1089 980 consularia
1124 938 1335 979 certamen
1369 937 1536 993 patrum

219 1016 267 1045 ac
293 1000 426 1059 plebis
454 998 634 1053 diremit,
662 998 844 1043 tribunis
871 999 1124 1058 negantibus
1155 1015 1348 1057 passuros
1369 999 1538 1044 comitia

219 1066 363 1111 haberi
389 1065 433 1110 ni
460 1064 691 1109 secundum
717 1064 923 1109 Liciniam
953 1066 1088 1124 legem
1114 1065 1381 1120 haberentur,
1406 1064 1536 1110 dicta-

218 1134 310 1175 tore
331 1130 543 1175 obstinato
563 1128 710 1173 tollere
735 1129 877 1187 potius
905 1133 1045 1174 totum
1072 1145 1094 1174 e
1122 1145 1167 1174 re
1193 1129 1361 1187 publica
1388 1144 1537 1174 consu-

179 1202 203 1239 2
217 1195 350 1240 latum
372 1210 496 1254 quam
516 1195 800 1249 promiscuum
822 1194 1011 1252 patribus
1033 1210 1081 1239 ac
1101 1194 1213 1253 plebi
1233 1195 1382 1239 facere.
1433 1194 1538 1239 Pro-

217 1259 397 1304 latandis
423 1259 556 1317 igitur
583 1258 762 1303 comitiis
792 1274 921 1317 quum
950 1259 1132 1304 dictator
1158 1259 1409 1317 magistratu
1430 1258 1538 1303 abis-
1616 1248 1621 1265 ³

179 1333 203 1370 3
218 1328 295 1378 set,
318 1340 386 1369 res
407 1323 461 1368 ad
486 1323 775 1381 interregnum
803 1323 941 1368 rediit.
1003 1324 1209 1368 Infestam
1230 1323 1326 1368 inde
1347 1322 1537 1380 patribus

217 1389 380 1448 plebem
419 1388 652 1445 interreges
694 1403 824 1445 quum
863 1388 1134 1444 accepissent,
1177 1388 1230 1432 ad
1269 1387 1538 1432 undecimum

178 1455 470 1511 4interregem
505 1451 781 1496 seditionibus
818 1456 1024 1497 certatum
1061 1459 1138 1497 est.
1200 1452 1329 1511 Legis
1364 1452 1538 1497 Liciniae
1616 1448 1617 1454 ’

215 1517 494 1577 patrocinium
515 1515 676 1560 tribuni
691 1516 932 1574 jactabant:
966 1518 1135 1575 propior
1156 1516 1273 1561 dolor
1294 1516 1404 1574 plebi
1424 1516 1537 1560 feno-

216 1583 274 1628 ris
294 1581 623 1640 ingravescentis
645 1584 736 1625 erat
757 1596 951 1639 curaeque
979 1582 1152 1639 privatae
1176 1582 1221 1626 in
1241 1580 1537 1626 certaminibus

216 1646 394 1705 publicis
411 1645 706 1703 erumpebant:
737 1661 913 1703 quarum
929 1646 1054 1690 taedio
1070 1651 1210 1704 patres
1227 1646 1278 1690 L.
1298 1645 1538 1690 Cornelium

219 1712 450 1769 Scipionem
493 1711 748 1768 interregem
789 1711 1019 1755 concordiae
1061 1726 1187 1755 causa
1226 1711 1446 1756 observare
1482 1710 1539 1755 le-

178 1784 201 1820 5
217 1792 312 1835 gem
333 1776 540 1821 Liciniam
561 1775 741 1819 comitiis
759 1775 1045 1820 consularibus
1061 1779 1239 1832 jussere.
1303 1776 1351 1819 P.
1370 1775 1539 1820 Valerio

217 1841 444 1886 Publicolae
484 1840 607 1884 datus
649 1855 672 1884 e
709 1839 828 1897 plebe
864 1840 1023 1898 collega
1058 1840 1106 1884 C.
1128 1839 1317 1884 Marcius
1349 1839 1537 1884 Rutilus.

178 1906 437 1950 61nclinatis
478 1904 607 1949 semel
641 1904 686 1948 in
720 1904 982 1949 concordiam
1023 1904 1171 1948 animis
1211 1904 1309 1948 novi
1344 1904 1538 1948 consules

217 1970 427 2015 fenebrem
466 1983 631 2028 quoque
665 1984 767 2022 rem,
802 1984 894 2027 quae
930 1968 1129 2013 distinere
1164 1969 1383 2013 unanimos
1419 1968 1535 2013 vide-

217 2035 355 2088 batur,
387 2034 525 2078 levare
556 2033 745 2091 adgressi
775 2033 1025 2077 solutionem
1057 2033 1179 2077 alieni
1210 2033 1302 2078 aeris
1334 2034 1377 2078 in
1405 2033 1539 2091 publi-

219 2115 309 2145 cam
341 2114 483 2143 curam
513 2102 732 2142 verterunt
764 2098 1049 2156 quinqueviris
1085 2099 1248 2153 creatis,
1286 2114 1390 2156 quos
1426 2114 1540 2142 men-

182 2165 348 2210 rsarios
385 2163 436 2207 ab
473 2163 782 2219 dispensatione
820 2162 1003 2220 pecuniae
1041 2163 1315 2220 appellarunt.
1392 2163 1538 2207 Meriti

219 2230 415 2289 aequitate
447 2243 628 2286 curaque
660 2234 759 2272 sunt
791 2232 838 2271 ut-
876 2242 949 2285 per
984 2228 1169 2272 omnium
1206 2227 1414 2273 annalium
1451 2242 1539 2273 mo-
