1649 2452
192 103 271 144 554
510 105 553 146 T.
577 104 725 145 LIVII
756 102 1175 145 HISTORIARUM
1304 156 1350 196 [A
1379 155 1404 188 c
1433 155 1491 190 8¹⁷

192 197 414 255 quaerendo
445 213 469 242 a
497 199 666 243 consule
694 199 834 257 legati,
858 213 1035 257 quonam
1063 213 1108 243 se
1135 199 1258 256 pacto
1289 213 1443 255 paucos
1463 203 1505 243 ct

190 261 375 307 infirmos
403 262 620 307 crederent
648 262 841 320 praesidio
871 266 959 308 tam
983 262 1120 307 valido
1150 266 1193 306 et
1229 265 1388 306 armato
1422 262 1505 306 vim

191 325 415 381 adlaturos,
437 325 487 370 ab
514 325 648 370 isdem
679 326 892 371 consilium
923 329 1066 384 petere
1084 326 1204 382 jussi,
1228 326 1379 384 quibus
1407 340 1504 370 auc-

190 389 353 435 toribus
392 390 631 448 praesidium
679 390 724 434 in
769 390 916 435 urbem
962 391 1232 448 accepissent,
1272 389 1504 441 discedunt,

191 469 384 512 aegreque
418 454 654 510 impetrato,
686 457 736 498 ut
771 453 824 499 de
859 469 908 498 ea
939 469 986 499 re
1021 454 1183 499 consuli
1217 457 1410 498 senatum
1444 469 1507 498 re-

152 523 175 561 6
193 533 426 575 sponsaque
446 517 499 562 ad
519 533 564 562 se
584 518 730 562 referri
751 518 919 572 sineret,
943 518 994 563 ad
1022 533 1120 563 suos
1147 517 1338 563 redeunt.
1397 517 1506 562 Duae

191 581 394 626 factiones
416 584 608 626 senatum
630 581 898 637 distinebant,
918 597 1003 626 una
1022 582 1142 640 cujus
1159 582 1368 640 principes
1388 584 1507 626 erant

192 645 437 690 defectionis
469 661 494 690 a
523 645 676 703 populo
707 646 899 690 Romano
930 649 1135 701 auctoreS,
1163 646 1295 690 altera
1323 645 1507 698 fidelium

192 709 368 754 civium:
401 712 610 754 certatum
640 709 692 754 ab
719 710 910 767 utrisque
939 713 1081 754 tamen
1110 713 1176 754 est
1205 713 1256 754 ut
1286 708 1339 753 ad
1365 724 1508 754 recon-

192 773 411 818 ciliandam
438 789 583 831 paoem
612 773 774 818 consuli
803 789 931 831 opera
959 776 1208 818 navaretur:
1239 788 1336 831 pars
1366 773 1507 828 altera,

193 854 320 896 quum
349 838 587 896 praesidium
616 838 878 891 Samnitium,
902 839 1000 896 quia
1025 838 1130 882 nihil
1157 838 1260 882 satis
1287 838 1509 896 praeparati

192 906 282 946 erat
322 902 375 946 ad
414 902 671 946 obsidionem
706 901 978 957 tolerandam,
1013 917 1283 947 excessurum
1321 901 1509 959 proxima

192 969 316 1010 nocte
346 969 470 1019 esset,
500 966 719 1011 enuntiare
749 966 911 1011 consuli
934 966 1038 1010 satis
1067 966 1228 1020 habuit,
1261 980 1345 1022 qua
1373 965 1508 1010 noctis

192 1030 295 1074 hora
325 1046 491 1088 quaque
516 1034 639 1088 porta
667 1034 711 1074 et
736 1045 860 1088 quarn
886 1031 931 1075 in
953 1031 1063 1074 viam
1095 1045 1341 1088 egressurus
1375 1029 1508 1075 hostis

192 1094 302 1139 foret
320 1112 329 1137 :
361 1095 504 1148 altera,
529 1094 679 1153 quibus
701 1095 844 1139 invitis
866 1095 1071 1139 descitum
1102 1094 1155 1139 ad
1176 1095 1384 1139 Samnites
1404 1098 1506 1148 erat,

193 1159 338 1203 cadem
371 1163 495 1204 nocte
528 1162 692 1216 portam
733 1159 860 1203 etiam
895 1159 1056 1203 consuli
1088 1162 1343 1216 aperuerunt
1378 1173 1510 1202 arma-

154 1226 343 1281 7tosque
374 1224 478 1268 clam
511 1223 655 1268 hostes
685 1223 730 1267 in
759 1222 905 1267 urbem
935 1227 1196 1281 acceperunt.
1258 1224 1327 1267 Ita
1351 1221 1506 1281 duplici

192 1287 428 1346 proditione
459 1290 502 1332 et
529 1286 769 1345 praesidium
800 1287 1049 1331 Samnitium
1079 1287 1251 1332 insessis
1272 1287 1382 1331 circa
1401 1287 1510 1331 viam

194 1351 456 1396 silvestribus
486 1352 588 1396 locis
618 1351 865 1408 necopinato
896 1367 1142 1409 oppressum
1170 1358 1236 1396 est
1261 1356 1304 1396 et
1325 1351 1376 1396 ab
1407 1350 1510 1396 urbe

193 1416 316 1475 plena
334 1416 518 1461 hostium
540 1416 694 1461 clamor
715 1415 919 1470 sublatus,
936 1420 1232 1472 momentoque
1252 1415 1377 1460 unius
1397 1415 1511 1460 horae

194 1496 328 1526 caesus
359 1481 522 1525 Samnis
552 1481 793 1525 Satricanus
824 1484 973 1538 captus
1001 1484 1044 1524 et
1071 1480 1211 1524 omnia
1237 1480 1281 1524 in
1300 1483 1511 1537 potestate

157 1545 378 1590 sconsulis
411 1549 542 1590 erant.
603 1545 691 1593 Quj
723 1545 953 1603 quaestione
982 1544 1139 1597 habita,
1173 1558 1351 1602 quorum
1385 1558 1512 1601 opera

195 1609 375 1654 defectio
404 1614 516 1654 esset
543 1608 667 1662 facta,
691 1624 796 1666 quos
824 1613 968 1653 sontes
996 1607 1199 1666 comperit
1227 1608 1354 1666 virgis
1382 1623 1511 1652 caesos

195 1674 332 1719 securi
359 1674 580 1731 percussit,
605 1672 882 1731 praesidioque
911 1672 1049 1717 valido
1076 1671 1272 1730 imposito
1303 1687 1417 1715 arma
1441 1672 1512 1715 Sa-

157 1747 179 1785 9
195 1739 366 1783 tricanis
388 1738 555 1782 ademit.
607 1737 714 1782 Inde
736 1737 788 1782 ad
802 1737 1063 1795 triumphum
1084 1736 1311 1781 decessisse
1331 1736 1511 1780 Romam

196 1803 411 1861 Papirium
453 1802 678 1846 Cursorem
718 1801 907 1846 scribunt
949 1801 1021 1859 qui
1060 1815 1110 1846 eo
1145 1800 1250 1845 duee
1288 1799 1512 1844 Luceriam

195 1870 407 1924 receptam
430 1865 721 1923 Samnitesque
743 1865 821 1910 sub
838 1866 989 1924 jugum
1014 1866 1163 1910 missos
1184 1868 1376 1910 auctores
1397 1869 1510 1909 sunt.

156 1932 253 1976 OEt
279 1932 360 1976 fuit
388 1931 452 1976 vir
482 1930 594 1975 haud
626 1929 751 1975 dubie
782 1930 934 1987 dignus
964 1929 1076 1975 omni
1107 1929 1257 1974 bellica·
1278 1928 1400 1973 laude
1428 1944 1513 1974 non

196 1996 321 2040 animi
353 1996 487 2040 solum
519 1995 662 2053 vigore
695 1993 769 2039 sed
804 1995 930 2039 etiam
965 1994 1150 2052 corporis
1185 1993 1342 2038 viribus
1378 1993 1513 2038 excel-

194 2059 310 2104 lens:
341 2060 552 2117 praecipua
581 2059 730 2117 pedum
762 2059 986 2116 pernicitas
1014 2059 1148 2102 inerat
1169 2074 1261 2116 quze
1282 2073 1513 2116 cognomen

195 2124 321 2168 ctiam
362 2123 490 2177 dedit,
532 2123 816 2180 victoremque
856 2137 983 2168 cursu
1021 2122 1207 2166 omnium
1247 2123 1384 2166 aetatis
1424 2137 1512 2166 suae

194 2189 326 2233 fuisso
353 2189 508 2241 serunt,
540 2191 584 2231 ot
614 2204 689 2232 scu
717 2187 870 2231 virium
895 2187 937 2231 vi
957 2201 1033 2231 seu
1062 2187 1360 2232 exercitatione
1380 2186 1514 2231 multa

195 2252 278 2304 cibi
310 2252 479 2315 vinique
511 2251 690 2299 eundem
724 2251 1053 2313 capacissimum,
1085 2265 1163 2299 neo
1197 2266 1296 2299 cum
1327 2250 1415 2299 ullo
1449 2265 1512 2300 as·

1582 2197 1591 2220 i

1583 2247 1589 2315 ἱ

1582 2320 1589 2362 ί,
