1649 2452
175 64 252 101 442
500 62 544 100 T.
566 61 716 100 LIVII
753 60 1170 102 HISTORIARUM
1291 116 1335 155 [A
1364 116 1389 148 c
1415 116 1475 150 3⁵4

115 166 157 202 11
175 156 233 200 Et
262 155 315 201 de
345 155 506 200 ambitu
533 156 584 200 ab
616 155 662 199 G.
685 156 853 200 Poetilio
882 156 1053 201 tribuno
1082 157 1217 213 plebis
1247 158 1488 203 auctoribus

173 220 364 279 patribus
398 223 492 264 tum
531 220 713 277 primum
743 220 796 265 ad
834 222 1035 279 populum
1074 221 1206 267 latum
1246 227 1324 275 est,
1357 237 1489 282 eaque

171 285 391 343 rogatione
417 299 622 329 novorum
649 284 829 329 maxime
857 285 1074 331 hominum
1105 285 1388 342 ambitionem,
1416 286 1490 345 qui

171 349 379 395 nundinas
407 353 450 394 et
472 348 746 394 conciliabula
765 348 881 396 obire
912 350 1027 434 soliti
1056 354 1189 404 erant,
1209 365 1489 409 compressam

172 413 412 460 credebant.

62 480 157 534 (16)
228 478 360 524 Haud
381 493 498 536 aeque
517 478 614 523 laeta
641 477 830 535 patribus
857 478 1097 536 insequenti
1123 495 1232 525 anno
1253 480 1302 525 C.
1323 480 1489 525 Marcio

170 542 247 588 Cn.
271 543 430 588 Manlio
460 541 699 587 consulibus
726 541 778 586 de
805 543 992 588 unciario
1013 543 1156 588 fenore
1182 559 1208 588 a
1233 544 1297 589 M.
1319 545 1488 590 Duellio

168 607 220 652 L.
243 607 443 652 Menenio
473 606 654 650 tribunis
675 605 808 663 plebis
829 607 994 664 rogatio
1023 611 1088 652 est
1109 607 1281 665 perlata,
1305 612 1349 654 et
1368 609 1488 667 plebs

131 678 156 715 2
170 671 383 730 aliquanto
423 686 513 716 eam
553 669 745 727 cupidius
787 671 910 716 scivit
951 671 1206 729 accepitque.
1278 672 1346 717 Ad
1380 673 1490 718 bella

168 751 278 780 nova
296 735 434 794 priore
456 749 564 778 anno
586 734 796 779 destinata
815 735 969 781 Falisci
999 751 1165 794 quoque
1184 736 1329 782 hostes
1351 737 1489 781 exorti

170 799 326 859 duplici
345 799 528 853 crimine,
553 798 666 857 quod
693 803 736 844 et
763 815 859 844 cum
886 800 1261 858 Tarquiniensibus
1285 801 1488 859 juventus

170 880 315 909 eorum
333 864 586 909 militaverat
603 868 646 908 et
666 879 738 909 eos
761 864 833 923 qui
849 865 1034 910 Falerios
1055 865 1341 923 perfugerant,
1359 881 1489 923 quum

168 929 276 975 male
296 934 532 987 pugnatum
549 932 626 985 est,
642 929 931 986 repetentibus
952 929 1165 975 fetialibus
1185 930 1388 976 Romanis
1402 945 1490 975 non

92 1000 157 1045 3‚4
170 993 450 1039 reddiderant.
511 993 577 1038 Ea
602 993 817 1051 provincia
837 993 914 1038 Cn.
936 994 1099 1041 Manlio
1127 994 1311 1040 obvenit.
1370 994 1489 1040 Mar-

169 1059 258 1104 cius
291 1059 520 1104 exercitum
554 1058 599 1103 in
631 1073 779 1117 agrum
815 1058 1103 1104 Privernatem
1137 1059 1351 1118 integrum
1386 1075 1489 1118 pace

133 1124 397 1183 5longinqua
421 1122 589 1168 induxit
609 1123 868 1181 militemque
897 1123 1038 1182 praeda
1057 1123 1259 1182 implevit.
1319 1124 1390 1169 Ad
1419 1140 1489 1170 co-

169 1190 279 1246 piam
306 1205 448 1235 rerum
476 1188 636 1234 addidit
667 1189 1008 1243 munificentiam,
1035 1189 1148 1248 quod
1175 1190 1279 1235 nihil
1307 1190 1353 1235 in
1382 1191 1489 1248 pub-

169 1254 295 1300 licum
332 1252 586 1299 secernendo
622 1253 796 1311 augenti
834 1269 924 1298 rem
962 1254 1171 1312 privatam
1209 1255 1334 1300 militi
1367 1255 1487 1300 favit.

134 1320 437 1364 6Privernates
468 1334 599 1377 quum
629 1322 728 1363 ante
757 1319 910 1364 moenia
940 1335 1018 1364 sua
1048 1320 1197 1364 castris
1237 1321 1488 1378 permunitis

169 1384 469 1440 consedissent,
506 1382 666 1428 vocatis
699 1382 753 1427 ad
787 1383 1031 1428 concionem
1061 1383 1266 1429 militibus
1297 1384 1490 1429 “Castra

167 1450 307 1494 nunc''
333 1449 473 1504 inquit
503 1448 662 1492 “vobis
693 1448 879 1492 hostium
909 1448 1141 1507 urbemque
1171 1448 1321 1506 praedae
1352 1449 1419 1504 do,
1451 1450 1489 1495 si

166 1514 269 1558 mihi
297 1512 551 1572 pollicemini
577 1528 652 1558 vos
684 1513 852 1558 fortiter
879 1513 924 1558 in
954 1514 1042 1559 acie
1063 1529 1231 1572 operam
1258 1518 1486 1559 navaturos

131 1582 152 1621 7
165 1594 242 1624 nec
262 1578 412 1637 praedae
433 1577 567 1637 magis
589 1592 713 1636 quam
743 1593 896 1637 pugnae
923 1583 1092 1636 paratos
1114 1579 1248 1624 esse.'’
1309 1579 1487 1637 Signum

165 1647 346 1701 poscunt
378 1642 543 1701 ingenti
576 1641 757 1688 clamore
789 1642 971 1701 celsique
1012 1647 1055 1688 et
1091 1659 1164 1702 spe
1204 1643 1320 1688 haud
1359 1643 1487 1689 dubia

129 1709 326 1753 8feroces
355 1708 401 1752 in
429 1706 622 1766 proelium
651 1707 824 1752 vadunt.
886 1707 956 1752 Ibi
986 1711 1084 1753 ante
1114 1709 1236 1766 signa
1267 1709 1363 1753 Sex.
1386 1709 1487 1753 Tul-

164 1773 258 1826 lius,
296 1772 348 1818 de
385 1787 467 1831 quo
501 1775 599 1816 ante
634 1771 792 1817 dictum
825 1776 903 1825 cst,
936 1772 1140 1818 exclamat
1173 1775 1197 1798 “
1208 1773 1376 1831 Aspice,
1406 1773 1484 1818 im-

165 1838 373 1895 perator‚''
403 1837 541 1896 inquit
565 1841 592 1859 “
608 1852 731 1895 quem
761 1837 813 1882 ad
837 1836 1009 1882 modum
1036 1837 1245 1882 exercitus
1272 1842 1374 1882 tuus
1404 1838 1484 1884 tibi

165 1903 371 1959 promissa
411 1905 585 1960 praestet
601 1903 640 1946 :''
683 1901 851 1960 piloque
891 1902 1030 1960 posito
1071 1901 1219 1946 stricto
1261 1902 1401 1960 gladio
1438 1903 1485 1948 in

130 1971 152 2009 9
166 1966 331 2012 hostem
351 1967 556 2024 impetum
577 1966 690 2012 fecit.
754 1967 999 2025 Sequuntur
1015 1966 1197 2010 Tullium
1220 1967 1484 2026 antesignani

166 2047 310 2076 omnes
344 2033 562 2090 primoque
592 2032 753 2090 impetu
788 2035 976 2077 avertere
1006 2031 1182 2084 hostem,
1214 2031 1358 2077 fusum
1385 2033 1484 2078 inde

166 2096 219 2141 ad
239 2097 439 2154 oppidum
466 2099 724 2156 persequuti,
747 2113 872 2156 quum
899 2097 985 2155 jam
1015 2096 1147 2141 scalas
1175 2097 1382 2142 moenibus
1412 2098 1484 2142 ad-

105 2167 153 2205 10
166 2165 396 2214 moverent,
428 2161 473 2206 in
513 2162 768 2208 deditionem
808 2162 954 2208 urbem
996 2165 1260 2219 acceperunt.
1321 2162 1484 2207 Trium-

166 2226 275 2287 phus
303 2225 355 2273 de
382 2227 700 2276 Privernatibus
728 2232 861 2277 actus.
925 2228 991 2275 Ab
1019 2228 1152 2275 altero
1179 2226 1352 2275 consule
1379 2227 1482 2277 nihil
