1649 2452
528 106 640 150 LIB.
671 106 772 149 VII.
807 112 843 158 1,
863 112 898 150 2.
1296 108 1376 150 425

53 159 257 202 meast]

50 203 178 249 bendi
197 203 338 249 aediles
365 203 533 248 curules
555 204 713 249 creari:
747 205 881 263 primo
912 209 960 248 ut
982 202 1153 247 alternis
1183 203 1302 248 annis
1323 220 1377 249 ex

51 268 172 326 plebe
189 268 336 313 fierent
358 272 623 323 convenerat,
641 274 787 326 postea
807 269 1092 327 promiscuum
1109 267 1205 312 fuit.
1267 267 1406 315 IndeG

49 332 102 378 L.
125 332 315 377 Genucio
345 335 390 377 et
412 332 462 386 Q.
487 332 664 378 Servilio
695 332 936 378 consulibus
957 335 1001 377 et
1022 332 1075 376 ab
1106 331 1312 376 seditione
1333 336 1376 376 et

49 411 76 441 a
108 395 216 442 bello
254 396 409 455 quietis
440 396 580 451 rebus,
612 412 666 442 ne
697 397 863 455 quando
893 412 919 442 a
947 400 1065 441 metu
1096 411 1145 441 ac
1181 395 1376 454 perieulis

48 465 259 515 vacarent,
281 461 523 519 pestilentia
552 463 703 520 ingens
724 466 843 506 orta:
877 458 1092 507 censorem
1122 459 1282 505 aedilem
1305 475 1377 505 cu-

48 526 184 571 rulem
205 530 292 571 tres
313 525 506 571 tribunos
528 526 662 585 plebis
692 531 881 572 mortuos
908 527 1062 579 ferunt,
1085 540 1162 584 pro
1183 526 1376 598 portione

50 594 95 635 et
115 606 166 636 ex
189 590 462 635 multitudine
483 590 564 635 alia
591 590 725 636 multa
750 591 900 636 funera
920 591 1080 635 fuisse.
1114 589 1375 643 maximeque

49 670 141 700 eam
182 654 467 713 pestilentiam
508 655 717 714 insignem
758 671 871 700 mors
920 670 1045 713 quam
1084 658 1251 698 matura
1288 658 1376 698 tam

50 718 201 764 acerba
239 718 302 763 M.
323 718 443 764 Furii
483 719 610 764 fecit:
644 719 726 764 fuit
768 720 878 764 enim
910 734 1010 764 vere
1041 718 1105 763 vir
1143 718 1292 763 unicus
1332 718 1374 762 in

49 784 166 828 omni
185 783 368 838 fortuna,
391 783 584 842 princeps
606 799 707 842 pace
728 783 921 842 belloque
950 783 1194 841 priusquam
1215 781 1362 828 exsula

49 852 144 892 tum
171 848 265 901 iret,
293 847 442 892 clarior
474 847 519 892 in
545 848 693 892 exsilio
720 848 788 892 vel
819 847 1024 893 desiderio
1056 847 1252 900 civitatis,
1284 862 1376 905 quae

51 916 175 970 capta
206 911 392 957 absentis
423 911 661 970 imploravit
692 927 828 970 opem,
857 912 924 957 vel
954 912 1169 965 felicitate,
1199 926 1281 969 qua
1311 926 1375 955 re-

51 977 231 1021 stitutus
251 976 296 1021 in
316 977 495 1034 patriam
516 991 659 1021 secum
690 976 867 1034 patriam
896 977 1030 1034 ipsam
1051 976 1241 1021 restituit
1259 995 1269 1020 :
1301 990 1377 1033 par

51 1040 202 1085 deinde
223 1056 298 1098 per
326 1040 511 1099 quinque
539 1044 583 1085 et
611 1040 764 1099 viginti
792 1044 1049 1085 annos—tot
1080 1040 1188 1084 enim
1211 1042 1308 1098 post
1328 1054 1377 1084 ea

50 1103 346 1150 vixit—titulo
366 1108 498 1149 tantae
513 1104 657 1162 gloriae
678 1105 773 1158 fuit,
793 1105 1029 1164 dignusque
1052 1105 1235 1158 habitus,
1253 1119 1377 1163 quem

52 1168 284 1215 secundum
304 1184 330 1213 a
350 1169 533 1213 Romulo
554 1168 814 1214 conditorem
837 1169 952 1214 urbis
979 1170 1182 1214 Romanae
1203 1169 1375 1213 ferrent.

51 1235 111 1280 Et
131 1234 212 1279 hoc
232 1236 278 1278 et
298 1232 538 1292 insequenti
558 1248 667 1278 anno
690 1233 737 1279 C.
763 1234 948 1292 Sulpicio
970 1235 1118 1279 Petico
1140 1234 1188 1278 C.
1212 1229 1465 1285 Lieinio(2)

53 1297 228 1343 Stolone
260 1297 502 1343 consulibus
538 1297 782 1356 pestilentia
811 1298 907 1344 fuit.
969 1299 1034 1344 Eo
1065 1298 1171 1343 nihil
1202 1297 1377 1356 dignum
1392 1307 1417 1343 2

53 1362 255 1408 memoria
273 1366 427 1417 actum,
443 1361 525 1406 nisi
545 1362 660 1421 quod
681 1363 794 1420 pacis
815 1363 941 1408 desim
957 1362 1230 1422 exposcendae
1252 1377 1378 1408 causa

52 1428 183 1472 tertio
203 1430 296 1471 tum
318 1429 414 1485 post
430 1425 641 1472 conditam
662 1427 810 1472 urbem
830 1427 1138 1473 lectisternium
1158 1428 1255 1472 fuit.
1317 1427 1376 1472 Et
1392 1437 1415 1474 3

53 1507 185 1550 quum
216 1492 279 1536 vis
309 1490 444 1536 morbi
473 1506 551 1536 nec
580 1491 774 1537 humanis
806 1492 990 1538 consiliis
1020 1507 1099 1538 nec
1128 1508 1207 1550 ope
1238 1491 1378 1536 divina

53 1556 280 1608 levaretur,
309 1555 432 1600 victis
463 1556 763 1614 superstitione
794 1557 942 1602 animis
972 1557 1062 1602 ludi
1092 1572 1258 1616 quoque
1292 1572 1379 1602 see-

54 1620 308 1666 niei—nova
334 1635 401 1665 res
429 1619 625 1665 bellicoso
653 1620 821 1679 populo,
851 1637 944 1666 nam
978 1621 1078 1667 circi
1109 1621 1233 1666 modo
1262 1636 1380 1680 spee-

54 1684 244 1730 taculum
279 1684 590 1730 fuerat—inter
619 1685 699 1729 alia
734 1686 959 1731 coelestis
946 1702 1020 1732 11·ae
1059 1686 1291 1744 placamina
1320 1686 1380 1730 in-

56 1749 200 1794 stituti
239 1748 450 1794 dicuntur.
512 1749 725 1794 Caeterum
765 1765 894 1808 parva
935 1766 1115 1810 quoque,
1158 1754 1208 1795 ut
1249 1751 1418 1798 ferme4

56 1813 262 1872 principia
299 1814 451 1867 omnia,
483 1818 528 1858 et
568 1829 618 1859 ea
656 1814 748 1872 ipsa
785 1816 1007 1874 peregrina
1036 1831 1104 1860 res
1136 1815 1247 1860 fuit:
1289 1815 1380 1860 sine

57 1878 241 1923 carmine
262 1877 346 1923 ullo
367 1879 457 1924 sine
487 1877 784 1923 imitandorum
808 1880 1039 1924 carminum
1067 1883 1167 1925 actu
1186 1879 1379 1924 ludiones

58 1957 112 1987 ex
150 1942 324 1988 Etruria
362 1942 487 1988 acciti
526 1942 580 1987 ad
608 1943 792 1988 tibIcim's
833 1943 980 1989 modos
1021 1944 1225 1989 saltantes
1266 1944 1382 1989 haud

58 2005 277 2051 indecoros
312 2011 453 2052 motus
485 2021 600 2051 more
631 2007 769 2052 Tusco
800 2007 970 2053 dabant.
1033 2008 1201 2054 Imitari
1230 2007 1380 2054 deinde
1395 2019 1417 2056 5

60 2085 132 2116 eos
149 2071 352 2129 juventus
380 2071 505 2116 simul
524 2070 752 2116 inconditis
779 2071 891 2117 inter
912 2088 956 2118 se
973 2072 1176 2131 jocularia
1203 2072 1381 2118 funden-

60 2137 127 2179 tes
162 2135 353 2180 versibus
384 2150 559 2194 coepere,
585 2151 663 2181 nec
695 2135 840 2181 absoni
871 2153 896 2181 a
924 2153 1027 2183 voce
1057 2142 1200 2183 motus
1230 2141 1381 2182 erant:

62 2206 235 2257 accepta
254 2200 396 2259 itaque
415 2215 484 2245 res
504 2201 740 2259 saepiusque
756 2201 998 2260 usurpando
1017 2203 1214 2248 excitata.
1280 2202 1381 2247 Ver·
1395 2211 1419 2250 6

62 2262 223 2310 naculis
248 2264 493 2322 artificibus,
512 2265 612 2325 quia
637 2265 774 2311 hister
799 2265 938 2313 Tusco
965 2266 1095 2314 verbo
1122 2266 1239 2314 ludio
1263 2281 1383 2314 voca-
