1649 2452
202 95 283 132 624
525 93 571 132 T.
593 92 744 132 LIVII
779 93 1198 133 HISTORIARUM
1318 147 1377 186 [Δ.
1392 148 1419 179 c
1444 148 1507 181 296
1613 140 1617 180 3

202 186 304 231 satis
338 186 566 244 exploratis
595 186 810 243 profectus
839 189 960 231 tanto
991 187 1211 232 intervallo
1241 187 1294 232 ab
1324 188 1518 233 hostibus

202 250 403 302 consedit,
440 255 490 294 ut
530 265 608 294 nec
648 250 855 295 adventus
896 267 998 296 suus
1039 252 1354 309 propinquitate
1392 252 1522 296 nimia

203 315 319 359 nosci
352 319 496 373 posset
534 319 577 358 et
614 314 899 372 egredientem
936 331 959 359 e
995 316 1144 360 castris
1179 316 1342 360 hostem
1384 316 1522 374 oppri-

166 383 348 424 Gmeret.
411 378 640 436 Aliquanto
672 384 769 422 aute
799 379 936 423 lucem
968 379 1021 423 ad
1049 384 1187 424 castra
1214 380 1390 424 accessit
1419 395 1521 437 gna-

203 458 358 502 rosque
393 443 515 487 Oscae
553 441 709 500 linguae
751 443 1018 500 exploratum
1053 443 1155 501 quid
1191 449 1341 501 agatur
1375 444 1522 488 mittit.

168 515 190 554 7
204 507 448 552 Intermixti
467 506 834 565 hostibus—quod
853 507 974 552 facile
996 513 1086 552 erat
1105 508 1152 552 in
1171 512 1379 552 nocturna
1396 508 1524 565 trepi-

206 571 695 628 datione—cognoscunt
716 571 1000 629 infrequentia
1019 572 1190 616 armatis
1207 572 1328 630 signa
1343 587 1523 630 egressa,

205 635 391 694 praedam
421 635 654 693 praedaeque
683 635 879 680 custodes
910 636 1040 690 exire,
1066 636 1276 681 immobile
1304 634 1454 694 agmen
1481 640 1526 680 et

208 715 284 744 sua
305 714 511 757 quemque
539 699 780 744 molientem
806 700 921 744 nullo
951 701 1062 745 inter
1084 701 1186 746 alios
1216 716 1425 745 consensu
1449 716 1527 745 nec

173 764 312 813 gsatis
344 767 459 808 certo
489 763 678 821 imperio.
739 764 923 822 Tempus
960 764 1230 823 adgrediendi
1266 765 1527 822 aptissimum

208 829 346 873 visum
375 831 454 884 est,
484 832 527 873 et
553 828 638 886 jam
669 827 743 872 lux
773 828 1025 886 adpetebat:
1057 830 1201 887 itaque
1230 830 1352 887 signa
1379 843 1528 873 canere

173 906 196 943 9
205 893 336 950 jussit
358 908 590 950 agmenque
619 892 806 936 hostium
835 892 1091 950 adgreditur.
1154 894 1362 938 Samnites
1388 892 1530 950 praeda

209 956 414 1014 impediti,
446 957 732 1014 infrequentes
763 957 925 1010 armati,
959 973 1056 1015 pars
1092 957 1245 1002 addere
1274 957 1450 1016 gradum
1480 972 1529 1002 ac

209 1037 297 1079 prae
332 1036 377 1065 se
411 1036 534 1078 agere
565 1021 758 1078 praedam,
791 1037 887 1078 pars
919 1024 1032 1066 stare
1062 1022 1226 1074 incerti,
1255 1026 1400 1066 utrum
1434 1035 1530 1078 pro-

211 1084 331 1142 gredi
365 1100 420 1129 an
453 1084 620 1143 regredi
650 1085 696 1129 in
725 1090 863 1130 castra
892 1085 1028 1130 tutius
1069 1087 1192 1141 foret,
1222 1086 1334 1130 inter
1363 1090 1530 1130 cuncta·

152 1150 369 1196 lotionem
400 1150 706 1207 opprimuntur.
764 1149 823 1194 Et
854 1150 1037 1194 Romani
1061 1153 1151 1207 jam
1185 1149 1531 1194 transcenderant

149 1213 366 1259 llvallum
394 1213 610 1272 caedesque
638 1229 686 1259 ac
714 1213 924 1258 tumultus
951 1218 1041 1259 erat
1073 1216 1118 1259 in
1148 1215 1310 1259 castris.
1372 1214 1531 1258 Samni·

212 1279 318 1323 tium
360 1294 510 1337 agmen
549 1288 824 1336 praeterquam
866 1278 1010 1323 hostili
1050 1278 1239 1323 tumultu
1271 1279 1532 1336 captivorum

213 1345 339 1389 etiam
375 1343 594 1402 repentina
629 1342 862 1388 defectione
892 1343 1108 1388 turbatum
1142 1347 1244 1397 erat,
1278 1343 1351 1401 qui
1381 1343 1531 1401 partim

214 1409 295 1466 ipsi
325 1407 454 1453 soluti
485 1408 649 1453 vinctos
682 1407 912 1461 solvebant,
948 1408 1102 1467 partim
1143 1423 1258 1452 arma
1286 1409 1331 1452 in
1359 1408 1532 1452 sarcinis

215 1474 398 1533 deligata
437 1473 655 1532 rapiebant
693 1473 1008 1531 tumultumque
1052 1474 1198 1532 proelio
1238 1474 1329 1531 ipso
1368 1473 1534 1518 terribi-

215 1539 361 1584 liorem
385 1538 619 1582 intermixti
638 1538 794 1595 agmini
820 1537 1091 1596 praebebant:
1122 1536 1436 1582 memorandum
1463 1537 1534 1582 de-

216 1603 314 1649 inde
354 1602 522 1648 edidere
562 1602 737 1657 facinus,
771 1618 869 1646 nam
910 1603 1074 1647 Staium
1114 1602 1345 1647 Minacium
1386 1601 1533 1646 ducem

217 1668 440 1713 adeuntem
480 1666 647 1712 ordines
691 1667 1014 1726 hortantemque
1060 1667 1278 1720 invadunt,
1321 1665 1534 1724 dissipatis

218 1732 315 1778 inde
335 1731 546 1790 equitibus
569 1731 641 1790 qui
661 1746 756 1776 cum
777 1746 826 1775 eo
857 1731 1031 1776 aderant
1061 1731 1199 1789 ipsum
1220 1730 1535 1775 circumsistunt

219 1797 553 1854 insidentemque
593 1811 700 1853 equo
741 1799 910 1853 captum
951 1795 1004 1840 ad
1044 1796 1257 1841 consulem
1297 1795 1534 1840 Romanum

219 1862 413 1920 rapiunt:
445 1864 641 1905 revocata
664 1875 714 1904 eo
739 1860 928 1905 tumultu
957 1860 1091 1918 prima
1121 1861 1242 1919 signa
1266 1858 1534 1912 Samnitium,

220 1926 495 1985 proeliumque
521 1925 608 1983 jam
642 1925 910 1983 profligatum
940 1926 1199 1984 integratum
1231 1928 1309 1977 est,
1337 1938 1415 1967 nec
1445 1922 1536 1966 diu-

220 1991 306 2035 tius
328 1990 527 2035 sustineri
558 1989 724 2046 potuit:
756 2004 863 2034 caesa
882 1988 935 2033 ad
963 2005 1037 2035 sex
1057 1989 1186 2034 millia
1205 1988 1431 2042 hominum,
1452 1986 1536 2030 duo

222 2055 350 2100 millia
379 2058 423 2099 et
453 2054 675 2112 quingenti
704 2053 830 2110 capti,
854 2054 899 2098 in
928 2054 988 2098 eis
1018 2053 1179 2098 tribuni
1208 2052 1388 2096 militum
1419 2055 1537 2109 quat-

222 2125 333 2173 tuor,
360 2120 482 2178 signa
507 2119 704 2164 militaria
730 2119 919 2177 triginta,
947 2124 1003 2173 et,
1027 2119 1139 2178 quod
1166 2118 1425 2163 laetissimum
1454 2116 1538 2161 vic-

223 2184 386 2230 toribus
413 2185 508 2239 suit,
530 2185 790 2242 captivorum
817 2188 988 2242 recepta
1014 2188 1175 2242 septem
1195 2182 1324 2227 millia
1343 2185 1387 2226 et
1408 2180 1538 2239 quad-

224 2249 422 2308 ringenti,
450 2250 590 2309 praeda
618 2249 766 2309 ingens
797 2249 1031 2296 sociorum:
1062 2247 1269 2307 accitique
1297 2245 1436 2293 edicto
1465 2245 1538 2290 do·
