1649 2452
181 95 259 134 486
507 91 552 131 T.
574 89 722 132 LIVII
756 90 1176 134 HISTORIARUM
1297 148 1340 186 [A
1371 146 1396 178 c
1425 144 1486 180 337

180 187 327 245 magis,
369 187 442 246 qui
475 189 602 244 jussu
642 187 823 232 consulis
863 188 1235 247 prosequebantur,
1274 204 1399 247 quam
1427 192 1500 246 jus

180 252 372 310 gentium
392 251 444 297 ab
464 252 527 296 ira
546 252 790 310 impetuque
810 252 1026 298 hominum
1046 256 1223 311 tegeret.

143 320 168 358 6
245 315 470 361 Consensit
510 319 554 360 et
594 319 766 362 senatus
807 316 976 371 bellum,
1018 317 1296 376 consulesque
1336 316 1501 363 duobus

182 379 350 438 scriptis
385 380 638 425 exercitibus
673 395 748 438 per
787 381 956 426 Marsos
998 381 1280 440 Pelignosque
1319 380 1501 440 profecti

181 443 378 502 adjuncto
401 444 652 488 Samnitium
679 444 868 490 exercitu
887 445 941 489 ad.
969 445 1168 504 Capuam,
1193 461 1275 504 quo
1297 449 1389 503 jam
1415 445 1501 490 La-

145 513 167 553 7
181 508 261 553 tini
289 507 473 566 sociique
501 512 795 561 convenerant,
817 512 956 554 castra
982 509 1134 554 locant.
1197 509 1266 554 Ibi
1285 509 1331 554 in
1357 509 1502 567 quiete

181 572 350 631 utrique
378 572 539 617 consuli
566 571 709 617 eadem
738 572 892 618 dicitur
918 573 1009 618 visa
1035 573 1194 630 species
1222 573 1302 617 viri
1327 572 1498 631 majoris

183 651 308 696 quam
341 651 417 694 pro
452 636 634 681 humano
669 636 819 681 habitu
847 636 1187 695 augustiorisque
1221 636 1414 689 dicentis,
1446 651 1499 680 ex

179 716 266 746 una
284 701 372 746 acie
391 701 686 758 imperatorem
707 716 759 746 ex
780 701 912 746 altera
931 701 1164 746 exercitum
1190 700 1279 746 deis
1306 700 1500 745 manibus

179 764 386 823 matrique
416 768 540 810 terrae
571 764 740 810 deberi:
772 765 910 810 utrius
941 765 1152 810 exercitus
1183 765 1414 823 imperator
1442 764 1501 809 le-

180 829 324 887 giones
345 829 533 874 hostium
553 844 763 888 superque
785 845 855 874 eas
886 845 932 874 se
961 829 1212 883 devovisset,
1234 829 1327 887 ejus
1357 828 1506 887 populi

145 894 395 952 Spartisque
434 893 653 939 victoriam
692 894 795 938 fore.
857 894 952 938 Hos
993 893 1066 939 ubi
1113 897 1344 939 nocturnos
1383 893 1503 938 visus

179 958 290 1002 inter
329 973 376 1002 se
415 957 608 1002 consules
649 958 933 1013 contulerunt,
973 958 1132 1015 placuit
1179 957 1503 1003 averruncandae

181 1021 305 1066 deum
334 1022 407 1067 irae
434 1021 626 1067 victimas
654 1022 768 1076 caedi,
792 1022 917 1066 simul
944 1026 1006 1075 ut,
1037 1022 1074 1066 si
1100 1023 1210 1068 extis
1238 1022 1384 1068 eadem
1412 1037 1505 1080 quae

180 1085 341 1131 somnio
369 1086 461 1131 visa
488 1085 657 1131 fuerant
687 1086 1051 1144 portenderentur,
1085 1073 1191 1132 alter
1225 1090 1323 1132 uter
1352 1100 1504 1132 consu-

144 1150 268 1195 9lum
292 1150 382 1195 fata
407 1150 613 1209 impleret.
673 1151 763 1196 Ubi
782 1166 983 1209 responsa
1008 1151 1277 1210 haruspicum
1305 1150 1505 1196 insidenti

174 1218 266 1272 jam
297 1215 435 1260 animo
463 1215 604 1260 tacitae
631 1215 824 1273 religioni
853 1219 1152 1274 congruerunt,
1182 1219 1275 1260 tum
1305 1215 1504 1260 adhibitis

180 1278 332 1338 legatis
368 1278 634 1339 tribunisque
670 1283 712 1324 et
747 1281 932 1338 imperiis
969 1280 1093 1325 deum
1127 1280 1343 1337 propalam
1378 1293 1505 1337 expo-

182 1344 289 1397 sitis,
327 1359 380 1389 ne
420 1358 533 1389 mors
570 1344 808 1389 voluntaria
842 1345 1024 1390 consulis
1060 1345 1293 1390 exercitum
1331 1344 1378 1389 in
1415 1344 1504 1388 acie

181 1411 374 1464 terreret,
406 1412 650 1468 comparant
680 1409 792 1454 inter
823 1425 868 1454 se
898 1412 960 1464 ut,
992 1409 1044 1454 ab
1074 1412 1172 1454 utra
1201 1413 1321 1467 parte
1355 1407 1504 1454 cedere

181 1473 400 1518 Romanus
428 1474 638 1518 exercitus
666 1474 875 1531 coepisset,
898 1473 995 1519 inde
1023 1489 1068 1518 se
1100 1474 1247 1519 consul
1277 1473 1503 1518 devoveret

123 1547 258 1596 lopro
278 1536 432 1596 populo
454 1537 646 1582 Romano
669 1538 1006 1596 Quiritibusque.
1066 1538 1291 1597 Agitatum
1311 1538 1439 1582 etiam
1459 1537 1505 1581 in

183 1601 354 1646 consilio
377 1604 442 1646 est
463 1606 525 1655 ut,
544 1602 580 1646 si
600 1601 767 1660 quando
788 1617 986 1660 umquam
1007 1617 1154 1647 severo
1174 1601 1307 1647 ullum
1327 1601 1504 1659 imperio

182 1665 335 1710 bellum
357 1666 695 1710 administratum
717 1673 842 1720 esset,
860 1670 963 1711 tunc
984 1667 1050 1711 uti
1069 1666 1292 1724 disciplina
1309 1665 1503 1710 militaris

123 1733 166 1771 11
183 1730 235 1775 ad
275 1731 433 1789 priscos
474 1729 737 1790 redigeretur
772 1745 922 1776 mores.
985 1731 1142 1776 Curam
1177 1729 1355 1775 acuebat
1391 1728 1506 1788 quod

184 1795 382 1840 adversus
418 1794 596 1840 Latinos
631 1794 871 1840 bellandum
908 1798 1010 1848 erat,
1043 1795 1188 1854 lingua
1223 1793 1408 1839 moribus
1443 1809 1506 1838 ar·

183 1875 345 1904 morum
379 1874 534 1918 genere
569 1859 779 1904 institutis
816 1863 913 1903 ante
947 1859 1088 1904 omnia
1121 1857 1372 1903 militaribus
1408 1873 1506 1903 con-

183 1931 408 1982 gruentes:
441 1923 595 1969 milites
626 1923 844 1978 militibus,
875 1922 1190 1968 centurionibus
1221 1922 1503 1976 centuriones,

184 1987 343 2033 tribuni
375 1987 557 2034 tribunis
593 2003 808 2046 compares
845 1988 1096 2046 collegaeque
1132 1987 1264 2032 isdem
1300 1986 1505 2045 praesidiis

124 2057 173 2094 12
186 2067 296 2110 saepe
330 2052 462 2098 isdem
493 2052 716 2111 manipulis
747 2052 945 2110 permixti
974 2051 1154 2096 fuerant.
1216 2051 1301 2096 Per
1332 2051 1422 2097 haec
1450 2065 1506 2096 ne

187 2132 269 2175 quo
291 2132 430 2162 erroro
451 2117 604 2163 milites
626 2120 889 2175 caperentur,
911 2115 1081 2162 edicunt
1106 2115 1301 2161 consules
1328 2131 1383 2161 ne
1409 2115 1505 2175 quis

108 2180 175 2234 (7)
189 2185 309 2229 extra
337 2180 523 2229 ordinem
558 2182 603 2228 in
640 2182 805 2229 hostem
841 2184 1062 2242 pugnaret.
1123 2179 1253 2229 Forte
1288 2180 1400 2228 inter
1428 2195 1505 2229 σε·
