1649 2452
625 67 736 110 LIB.
766 67 817 110 X.
849 69 966 110 3—5.
1368 68 1445 107 603

130 129 175 158 A.
191 127 226 158 c.
243 123 332 166 305]

127 167 234 213 benc
261 170 383 226 gesta
413 180 457 210 rc
489 180 692 210 summam
720 169 764 210 et
791 165 836 209 in
863 167 1009 222 aperto
1038 162 1264 207 certamine
1293 161 1444 205 virium

124 247 245 291 spem
279 229 503 284 habebant,
540 233 684 275 tamen
716 228 880 275 insidiis
917 241 1095 288 quoque,
1133 241 1236 285 quas
1266 225 1445 270 feliciter

122 295 293 355 experti
333 298 466 348 erant,
503 294 672 340 hostem
709 297 944 352 temptant:
977 295 1091 338 tecta
1126 290 1329 336 semiruta
1362 290 1446 336 vici

121 375 198 418 per
236 360 515 405 vastationem
556 375 753 419 agrorum
789 358 928 403 deusti
963 357 1076 402 haud
1110 355 1257 415 procul
1292 355 1442 400 castris

119 424 410 470 Romanorum
438 423 635 469 aberant:
668 424 727 469 ibi
749 423 902 468 abditis
923 422 1096 467 armatis
1126 436 1254 480 pecus
1275 420 1320 464 in
1347 434 1442 464 con-

118 493 270 548 spectu
282 489 465 548 praesidii
480 489 676 542 Romani,
693 489 762 534 cui
779 492 957 546 praeerat
975 487 1052 533 Cn.
1070 486 1246 532 Fulvius
1262 485 1441 544 legatus,

118 553 378 612 propulsum.
429 553 498 598 Ad
514 570 639 612 quam
657 553 893 600 illecebram
911 569 1041 612 quum
1061 555 1302 597 moveretur
1317 566 1439 596 nemo
1455 555 1477 592 3

117 617 171 663 ab
206 618 399 664 Romana
432 619 627 672 statione,
667 622 883 678 pastorum
924 633 1036 662 unus
1071 631 1319 675 progressus
1360 615 1439 661 sub

115 681 230 757 ipsas
260 683 519 730 munitiones
556 684 756 729 inclamat
790 682 892 728 alios
933 685 1183 728 cunctanter
1218 680 1269 726 ab
1305 680 1438 726 ruinis

114 746 198 792 Vici
219 763 346 805 pecus
362 747 655 806 propellentes,
681 747 781 807 quid
802 750 1028 802 cessarent,
1049 762 1179 804 quum
1205 762 1280 804 per
1301 746 1438 791 media

114 815 255 856 castra
274 811 467 856 Romana
490 817 586 857 tuto
612 828 738 871 agere
762 815 949 871 possent.
1011 811 1119 856 Haec
1146 827 1276 869 quum
1294 811 1436 870 legato
1451 814 1476 850 4

114 875 291 921 Caerites
327 875 494 934 quidam
531 877 911 935 interpretarentur
947 878 990 920 et
1022 891 1098 934 per
1130 891 1274 921 omnes
1305 877 1436 922 maui-

111 940 234 998 pulos
255 940 435 986 militum
450 941 684 1000 indignatio
706 941 854 1000 ingens
872 944 985 985 esset
1006 956 1084 985 ncc
1106 944 1248 985 tamen
1268 940 1435 999 injussu

110 1020 278 1050 movere
309 1005 525 1059 auderent,
553 1005 675 1064 jubet
706 1006 866 1063 peritos
897 1005 1052 1063 linguae
1083 1004 1309 1051 adtendere
1347 1007 1435 1052 ani-

109 1085 238 1124 mum,
262 1074 479 1129 pastorum
505 1085 642 1115 sermo
671 1069 830 1127 agresti
858 1084 911 1113 an
931 1069 1092 1114 urbano
1115 1070 1285 1128 propior
1305 1075 1431 1117 esset.

110 1133 256 1182 Quum
290 1134 496 1180 referrent
532 1150 681 1180 sonum
717 1134 872 1192 linguae
908 1137 951 1178 et
982 1149 1202 1192 corporum
1240 1135 1432 1181 habitum
1457 1146 1478 1184 5

106 1202 151 1243 ct
179 1199 359 1244 nitorem
387 1199 565 1245 cultiora
598 1215 722 1258 quam
757 1197 984 1257 pastoralia
1011 1214 1118 1252 esse,
1144 1199 1255 1244 “Ite
1285 1201 1430 1259 igitur,

106 1262 262 1309 dicite'’
291 1264 429 1323 inquit
463 1264 703 1323 “detegant
735 1264 992 1322 nequiquam
1022 1263 1213 1309 conditas
1244 1265 1429 1321 insidias,

104 1328 246 1373 omnia
274 1328 380 1373 scire
409 1328 649 1374 Romanum
677 1344 755 1374 nec
783 1328 917 1387 magis
942 1327 1029 1386 jam
1059 1327 1154 1373 dolo
1184 1330 1273 1388 capi
1306 1346 1430 1389 quam

104 1393 230 1437 armis
251 1393 363 1438 vinci
384 1394 549 1451 posse.'’
608 1393 716 1439 Haec
736 1393 811 1438 ubi
832 1392 977 1437 audita
997 1396 1096 1437 sunt
1125 1396 1168 1438 et
1190 1393 1243 1439 ad
1263 1411 1334 1440 eos
1357 1397 1427 1455 qui
1443 1402 1465 1440 6

103 1457 379 1502 consederant.
410 1457 456 1502 in
488 1457 651 1503 insidiis
686 1458 861 1515 perlata,
897 1461 1217 1503 consurrectum
1251 1466 1426 1518 repente

103 1537 155 1566 ex
175 1521 347 1567 latebris
376 1526 441 1567 est
469 1526 512 1567 et
539 1523 584 1567 in
611 1526 830 1580 patentem
860 1521 913 1566 ad
941 1526 1212 1580 conspectum
1230 1525 1427 1584 undique

102 1601 297 1645 campum
325 1585 489 1644 prolata
516 1587 648 1645 signa.
710 1587 816 1631 Visa
842 1585 982 1644 legato
1003 1587 1137 1644 major
1165 1589 1274 1634 acies
1297 1596 1462 1648 quam?

102 1666 196 1709 quae
227 1650 279 1696 ab
310 1665 386 1695 suo
417 1650 611 1709 praesidio
642 1651 843 1696 sustineri
872 1654 1042 1709 posset:
1074 1651 1218 1710 itaque
1248 1669 1426 1713 propere

100 1714 155 1759 ad
183 1714 430 1760 dictatorem
459 1715 617 1760 auxilia
645 1715 824 1760 accitum
853 1715 1000 1769 mittit,
1026 1714 1138 1760 inter
1163 1732 1213 1761 ea
1239 1716 1328 1776 ipse
1349 1719 1426 1765 im-

99 1783 225 1838 petus
256 1779 442 1824 hostium
473 1779 668 1825 sustinet.
730 1779 897 1824 Nuntio
925 1777 1065 1824 adlato
1093 1779 1275 1827 dictator
1303 1783 1424 1843 signa
1440 1785 1507 1837 (5)

98 1844 201 1889 ferri
223 1859 270 1888 ac
291 1845 409 1902 sequi
425 1843 550 1901 jubet
573 1847 778 1889 armatos:
812 1842 886 1888 sed
907 1843 1106 1888 celeriora
1132 1861 1262 1905 prope
1283 1849 1423 1895 omnia

97 1908 446 1976 unperioxerann
480 1911 601 1966 rapta
635 1908 849 1966 extemplo
881 1906 1003 1966 signa
1037 1923 1234 1969 armaque
1267 1916 1311 1958 et
1346 1914 1420 1960 vix

97 1971 151 2017 ab
178 1973 340 2030 impetu
369 1976 412 2017 et
440 1987 568 2017 cursu
597 1972 876 2017 tenebantur:
909 1988 1038 2031 quum
1069 1973 1132 2017 ira
1164 1974 1215 2020 ab
1246 1982 1420 2037 accepta

96 2052 234 2095 nuper
252 2036 370 2082 clade
390 2036 647 2090 stimulabat,
666 2041 758 2081 tum
779 2036 1028 2081 concitatior
1049 2038 1241 2086 accidens
1262 2041 1419 2089 clamor

96 2100 150 2146 ab
176 2103 437 2146 increscente
462 2100 714 2146 certamine:
747 2105 902 2160 urgent
929 2101 1072 2160 itaque
1101 2103 1172 2149 alii
1192 2095 1294 2151 alios
1323 2107 1418 2153 lior-

95 2169 325 2225 tanturque
359 2165 582 2225 signiferos
618 2168 667 2210 ut
703 2166 820 2211 ocius
855 2168 967 2212 eant.
1044 2167 1144 2216 Quo
1177 2171 1312 2230 magis
1333 2172 1454 2218 fes-2

94 2231 282 2282 tinantoe
301 2231 416 2282 videt
443 2231 639 2292 dictator,
661 2248 712 2281 eo
736 2233 970 2297 impensius
989 2238 1177 2287 retentat
1197 2253 1348 2298 agmen
1369 2255 1417 2290 ac
