1649 2452
194 64 272 104 472
513 63 558 102 T.
590 62 741 102 LIVII
772 61 1189 102 HISTORIARUM
1306 115 1348 146 ΓΑ
1381 115 1407 146 c
1434 114 1495 148 339

192 161 326 206 duciis
346 165 499 209 essent,
523 162 656 206 foedus
687 166 831 220 petere
852 162 903 207 ab
925 169 1074 206 senatu
1095 163 1244 220 coegit,
1269 166 1311 206 et
1334 162 1505 206 Latinos

186 229 275 283 jam
316 226 568 271 exercitibus
605 229 855 284 comparatis
891 226 942 271 ab
978 227 1170 270 Romano
1206 227 1250 270 in
1283 225 1507 284 Pelignum

192 291 320 335 vertit
341 290 520 335 bellum:
552 305 687 348 neque
714 291 776 334 ita
801 291 862 335 rei
889 294 1021 348 gestae
1047 290 1160 335 fama
1185 290 1322 336 Italiae
1342 305 1388 335 se
1407 289 1505 335 fini-

195 354 274 399 bus
303 355 443 400 tenuit
474 354 548 399 sed
579 354 948 413 Carthaginienses
980 369 1145 413 quoque
1174 354 1336 413 legatos
1367 357 1510 413 gratu·

191 419 324 463 latum
346 420 526 464 Romam
548 419 698 463 misere
719 434 815 464 cum
842 434 1006 464 coronae
1035 435 1172 465 aureae
1200 420 1322 473 dono,
1345 434 1438 478 quae
1463 419 1511 463 in

194 482 402 541 Capitolio
437 484 481 527 in
510 483 538 526 J
540 483 630 527 ovis
661 483 765 528 cella
793 487 1044 541 poneretur&
1077 484 1159 528 fuit
1190 483 1328 541 pondo
1357 482 1511 540 viginti

157 551 181 588 2
195 548 392 606 quinque.
456 547 660 592 Consules
681 547 803 592 ambo
830 547 882 592 de
911 547 1168 592 Samnitibus
1195 548 1510 606 triumpharunt

195 616 397 670 sequente
428 612 560 656 Decio
587 611 744 670 insigni
771 626 866 656 cum
897 611 1020 656 laude
1048 611 1264 670 donisque,
1291 627 1420 670 quum
1448 612 1511 656 in-

194 676 363 721 condito
384 676 555 720 militari
570 676 666 733 joco
687 675 801 720 haud
821 676 960 720 minus
980 675 1141 720 tribuni
1168 676 1332 720 celebre
1358 691 1513 720 nomen

158 751 317 802 3quam
354 741 572 787 consulum
612 745 737 786 esset.
800 741 1109 800 Campanorum
1149 741 1298 786 deinde
1340 742 1512 786 Suessa·

193 822 426 865 notumque
454 805 607 851 auditae
635 806 879 865 legationes,
910 806 1262 865 precantibusque
1289 805 1433 850 datum
1461 808 1513 850 ut

194 872 433 931 praesidium
468 885 517 916 eo
552 870 597 915 in
636 870 812 916 hiberna
846 871 1100 926 mitteretur,
1137 886 1220 930 quo
1262 870 1513 915 Samnitium

157 936 460 981 4excursiones
483 940 737 980 arcerentur.
799 936 893 980 Jam
916 939 1007 980 tum
1037 936 1207 981 minime
1235 935 1412 980 salubris
1439 934 1514 979 mi·

196 1065 400 1110 delenitos
421 1064 604 1108 militum
626 1065 785 1109 animos
813 1065 966 1109 avertit
995 1081 1019 1109 a
1040 1065 1238 1110 memoria
1258 1065 1416 1123 patriae,
1440 1063 1514 1108 ini-

195 1129 432 1187 banturque
460 1129 632 1174 consilia
651 1129 696 1173 in
721 1129 907 1174 hibernis
935 1129 1080 1174 eodem
1108 1130 1263 1175 scelere
1285 1127 1514 1173 adimendae

196 1194 421 1252 Campanis
451 1193 620 1251 Capuae‚
650 1209 724 1251 per
745 1193 857 1251 quod
877 1193 938 1238 illi
958 1209 1050 1238 eam
1077 1194 1260 1252 antiquis
1282 1192 1514 1238 cultoribus

196 1259 469 1303 ademissent:
502 1273 639 1316 neque
666 1258 876 1302 immerito
906 1274 1027 1302 suum
1059 1258 1246 1316 ipsorum
1277 1257 1515 1314 exemplum

195 1323 240 1366 iu
260 1338 331 1367 eos
352 1338 594 1367 versurum:
624 1337 700 1367 cur
721 1326 863 1366 autem
883 1323 1024 1380 potius
1042 1323 1245 1381 Campani
1266 1337 1412 1380 agrum
1429 1321 1516 1366 Ita·

194 1387 261 1432 liae
281 1387 539 1432 uberrimum
568 1386 738 1444 dignam
759 1402 860 1445 agro
882 1387 1041 1440 urbem,
1067 1387 1140 1445 qui
1159 1402 1237 1432 nec
1264 1402 1309 1432 se
1337 1401 1416 1431 nec
1440 1401 1517 1430 sua

195 1452 329 1496 tutari
355 1454 541 1510 possent,
573 1466 696 1510 quam
727 1451 862 1496 victor
890 1452 1100 1496 exercitus
1129 1451 1315 1504 haberet,
1339 1451 1409 1509 qui
1439 1465 1516 1495 suo

196 1516 348 1561 sudore
365 1532 412 1561 ac
430 1516 635 1574 sanguine
654 1515 751 1560 inde
770 1516 977 1561 Samnites
995 1516 1252 1575 depulisset?
1282 1531 1334 1560 an
1350 1531 1516 1573 aequum

195 1596 300 1634 esse,
324 1580 543 1625 dediticios
565 1595 663 1624 suos
684 1580 755 1624 illa
775 1581 996 1625 fertilitate
1017 1586 1147 1639 atque
1168 1581 1409 1626 amoeuitate
1427 1595 1517 1637 per-

194 1645 292 1699 frui,
315 1660 360 1690 se
380 1644 598 1689 militando
628 1644 762 1689 fessos
789 1645 834 1689 in
861 1645 1077 1703 pestilenti
1108 1648 1236 1704 atque
1263 1644 1379 1689 arido
1407 1644 1519 1689 cirea

194 1710 339 1755 urbem
363 1709 451 1754 solo
472 1709 624 1754 luctari
652 1714 726 1753 aut
753 1710 798 1754 in
827 1709 932 1754 urbe
962 1709 1213 1755 insidentem
1242 1709 1379 1754 labem
1406 1723 1519 1754 cres-

195 1775 328 1820 centis
357 1774 400 1819 in
431 1773 518 1818 dies
548 1774 706 1819 fenoris
736 1774 856 1832 pati?
900 1774 988 1819 haec
1016 1775 1179 1833 agitata
1212 1773 1389 1818 occultis
1420 1787 1520 1818 con-

189 1838 474 1895 jurationibus
514 1837 693 1883 necdum
723 1838 896 1897 vulgata
935 1839 980 1883 in
1019 1854 1163 1884 omnes
1204 1838 1377 1883 consilia
1406 1837 1519 1883 inve·

193 1904 258 1948 nit
279 1919 413 1947 novus
430 1902 577 1947 consul
594 1903 641 1947 C.
660 1903 848 1948 Marcius
865 1903 1053 1958 Rutilus,
1069 1904 1137 1948 cui
1155 1903 1384 1960 Campania
1403 1905 1518 1947 sorte

194 1968 411 2025 provincia
431 1970 641 2021 evenerat,
664 1967 718 2016 Q.
739 1967 914 2012 Servilio
935 1967 1095 2026 collega
1115 1967 1167 2012 ad
1188 1967 1334 2012 urbem
1356 1967 1516 2012 relicto.

161 2032 350 2090 5Itaque
381 2047 511 2090 quum
541 2032 682 2076 omnia
710 2047 761 2076 ea
789 2032 900 2077 sicut
927 2036 1049 2090 gesta
1076 2036 1195 2076 erant
1224 2048 1298 2090 per
1325 2031 1518 2076 tribunos

197 2102 412 2154 comperta
441 2101 485 2141 et
519 2099 644 2141 aetate
678 2095 853 2141 haberet
882 2100 926 2142 et
955 2112 1038 2141 usu
1067 2096 1230 2152 doctus,
1262 2095 1415 2155 quippe
1446 2095 1519 2155 qui

190 2164 281 2218 jam
302 2164 500 2219 quartum
521 2160 667 2206 consul
687 2164 800 2206 esset
820 2161 1084 2219 dictatorque
1105 2165 1149 2206 et
1176 2175 1324 2206 censor
1351 2160 1517 2214 fuisset,

195 2225 404 2284 optimum
432 2229 552 2271 ratus
582 2224 812 2272 differendo
841 2241 959 2284 spem
986 2224 1335 2285 quandocumque
1360 2223 1519 2271 vellent
