1649 2452
202 119 279 157 628
518 117 563 154 T.
597 115 743 153 LIVII
777 113 1196 153 HISTORIARUM
1313 166 1357 203 [x
1387 167 1412 198 c
1440 169 1501 200 295

200 210 330 256 ferme
360 210 447 254 ritu
476 213 520 254 et
545 209 634 253 haec
663 223 735 252 ara
765 222 847 266 quo
876 207 948 252 illa
976 207 1188 265 antiquior
1217 206 1332 252 culta
1361 214 1439 262 est,
1466 215 1513 254 ut

199 274 314 319 nulla
338 274 420 318 nisi
447 277 646 331 spectata:
673 272 885 330 pudicitiae
913 275 1106 315 matrona
1131 274 1175 315 et
1206 287 1298 329 quae
1327 271 1401 316 uni
1424 272 1516 318 viro

159 349 181 384 5
198 342 332 396 nupta
360 339 510 382 fuisset
545 341 618 394 jus
659 336 916 381 sacrificandi
955 335 1140 380 haberet.
1201 335 1390 392 Vulgata
1418 336 1516 383 dein

197 403 343 462 religio
364 418 389 447 a
407 402 579 461 pollutis
607 416 684 445 nec
705 401 906 445 matronis
937 400 1073 444 solum
1093 399 1168 444 sed
1195 400 1328 444 omnis
1356 399 1514 447 ordinis

158 467 362 514 fiseminis
401 470 614 525 postremo
654 466 698 510 in
732 465 981 510 oblivionem
1016 463 1366 508 venit—Eodem
1405 479 1514 511 anno

197 531 274 576 Cn.
296 535 340 576 et
371 531 420 585 Q.
442 530 616 589 Ogulnii
651 529 791 574 aediles
822 529 987 574 curules
1019 528 1178 586 aliquot
1207 527 1513 575 feneratoribus

195 595 305 641 diem
336 595 545 648 dixerunt,
578 609 757 653 quorum
785 594 905 638 bonis
936 592 1125 637 multatis
1155 607 1208 637 ex
1238 607 1287 637 eo
1318 593 1431 650 quod
1468 595 1513 640 in

193 660 408 718 publicum
423 659 640 704 redactum
657 662 722 703 est
743 673 858 703 aenea
872 658 916 702 in
933 656 1140 715 Capitolio
1161 656 1305 701 limina
1319 661 1363 701 et
1382 657 1511 702 trium

193 739 428 769 mensarum
467 726 666 782 argentea
697 738 798 767 vasa
830 723 874 766 in
909 721 1013 766 cella
1046 721 1166 764 Jovis
1201 721 1433 779 Jovemque
1467 722 1511 767 in

193 788 373 833 culmine
412 803 508 832 cum
551 787 764 845 quadrigis
805 790 849 831 et
888 786 941 830 ad
980 786 1103 830 ficum
1148 784 1416 830 Ruminalem
1457 787 1492 831 si

193 852 377 897 mulacra
395 851 620 896 infantium
641 850 905 896 conditorum
931 849 1048 893 urbis
1077 848 1156 893 sub
1178 847 1376 893 uberibus
1402 849 1510 908 lupae

193 920 437 974 posuerunt,
465 916 738 974 semitamque
768 929 870 959 saxo
901 913 1105 972 quadrato
1137 928 1162 956 a
1192 912 1361 969 Capena
1387 920 1512 971 porta

154 991 177 1033 7
193 980 246 1025 ad
265 981 420 1026 Martis
442 984 695 1025 straverunt.
756 980 814 1024 Et
840 979 891 1023 ab
912 977 1100 1023 aedilibus
1128 976 1300 1035 plebeiis
1322 977 1374 1022 L.
1396 977 1511 1024 AElio

190 1045 311 1090 Paeto
342 1050 385 1090 et
417 1045 465 1090 C.
489 1044 638 1089 Fulvio
670 1044 810 1088 Curvo
841 1059 894 1088 ex
923 1042 1158 1086 multaticia
1185 1042 1288 1086 item
1318 1043 1507 1099 pecunia,

191 1125 316 1168 quam
346 1112 579 1168 exegerunt
609 1108 813 1167 pecuariis
847 1107 1065 1159 damnatiS‚
1088 1105 1176 1150 ludi
1203 1105 1306 1150 facti
1334 1110 1510 1163 paterae-

191 1189 272 1232 que
294 1189 430 1218 aureae
451 1173 504 1217 ad
525 1173 689 1218 Cereris
711 1173 874 1230 positae.

70 1245 175 1298 (24)
249 1239 304 1287 Q.
327 1238 434 1282 Inde
455 1237 609 1282 Fabius
639 1238 831 1296 quintum
859 1239 902 1280 et
929 1235 978 1279 P.
1001 1234 1159 1279 Decius
1187 1238 1382 1293 quartum
1409 1249 1509 1280 con·

189 1302 374 1347 sulatum
402 1303 561 1355 ineunt,
585 1301 721 1346 tribus
749 1299 1034 1346 consulatibus
1060 1314 1318 1357 censuraque
1339 1298 1508 1358 collegae

187 1383 265 1412 nec
286 1367 418 1425 gloria
438 1368 569 1425 magis
591 1381 731 1410 rerum
751 1381 845 1424 quae
865 1365 1012 1422 ingens
1030 1368 1122 1408 erat
1140 1378 1265 1421 quam
1287 1364 1510 1409 concordia

151 1431 299 1481 2inter
327 1447 372 1476 se
401 1432 511 1476 clari.
572 1431 679 1479 Quae
706 1445 760 1475 ne
781 1434 984 1490 perpetua
1010 1432 1136 1483 esset,
1157 1427 1352 1472 ordinum
1372 1430 1508 1487 magis

189 1511 313 1555 quam
341 1496 527 1554 ipsorum
557 1495 668 1539 inter
697 1509 741 1539 se
769 1498 980 1539 certamen
1005 1492 1282 1537 intervenisse
1305 1507 1412 1544 reor,
1435 1508 1509 1551 pa-

187 1561 320 1606 triciis
340 1559 612 1604 tendentibus
635 1563 683 1603 ut
699 1558 853 1603 Fabius
875 1558 919 1602 in
939 1557 1154 1602 Etruriam
1175 1561 1296 1601 extra
1315 1556 1503 1602 ordinem

186 1625 442 1683 pr0vinciam
478 1623 664 1676 haberet,
702 1622 875 1681 plebeiis
917 1621 1158 1666 auctoribus
1197 1620 1332 1666 Decio
1366 1625 1416 1665 ut
1455 1623 1508 1666 ad

187 1693 344 1734 sortem
383 1693 625 1733 revocaret:
658 1687 741 1731 fuit
781 1691 895 1732 certe
935 1685 1150 1731 contentio
1184 1686 1230 1729 in
1264 1689 1426 1739 senatu,
1463 1690 1507 1730 et

186 1758 408 1813 postquam
436 1753 494 1797 ibi
525 1752 680 1797 Fabius
709 1751 803 1809 plus
831 1753 1010 1809 poterat,
1040 1753 1236 1795 revocata
1261 1764 1329 1794 res
1356 1749 1409 1794 ad
1434 1765 1508 1808 po-

147 1819 331 1878 3pulum
352 1821 430 1862 est.
491 1817 546 1862 In
567 1817 766 1862 concione
781 1819 831 1860 ut
847 1816 958 1860 inter
973 1815 1174 1860 militares
1191 1814 1303 1859 viros
1319 1817 1363 1859 et
1382 1814 1506 1859 factis

184 1883 327 1941 potius
349 1897 474 1941 quam
495 1881 619 1926 dictis
648 1881 779 1925 fretos
807 1895 941 1938 pauca
967 1879 1094 1924 verba
1116 1879 1272 1924 habita.
1333 1877 1503 1932 Fabius,

185 1963 310 2004 quam
332 1946 520 1991 arborem
542 1946 835 2000 conseruisset,
852 1944 930 1988 sub
953 1959 1001 1988 ca
1017 1944 1155 2002 legere
1171 1943 1298 1987 alium
1318 1942 1504 1987 fructum

184 2012 403 2069 indignum
439 2026 530 2055 esse
567 2010 731 2054 dicere:
765 2025 810 2054 se
850 2009 1062 2066 aperuisse
1099 2008 1319 2052 Ciminiam
1359 2006 1505 2052 silvam

184 2076 377 2133 viamque
405 2091 480 2132 per
507 2074 649 2119 devios
679 2073 1033 2118 saltus-Romano
1060 2072 1168 2118 bello
1196 2071 1370 2116 fecisse:
1403 2071 1503 2129 quid

183 2155 230 2185 se
265 2138 308 2184 id
337 2140 473 2185 aetatis
505 2139 818 2194 sollicitassent,
847 2138 883 2182 si
914 2137 993 2182 alio
1023 2137 1128 2182 duce
1158 2136 1319 2195 gesturi
1350 2135 1503 2180 bellum

184 2204 357 2249 essent?
387 2203 584 2248 nimirum
621 2203 904 2248 adversarium
944 2218 990 2248 se
1024 2217 1109 2247 non
1143 2202 1303 2247 socium
1336 2200 1502 2258 imperii

182 2267 336 2327 legisse
365 2269 520 2314 sensim
549 2267 787 2327 exprobrat,
819 2270 864 2313 et
894 2266 1090 2313 invidisse
1121 2265 1298 2313 Decium
1328 2279 1502 2312 concor-
