<?xml version="1.0" encoding="UTF-8"?>
<!DOCTYPE html PUBLIC "-//W3C//DTD XHTML 1.0 Transitional//EN"
    "http://www.w3.org/TR/xhtml1/DTD/xhtml1-transitional.dtd">
<html xmlns="http://www.w3.org/1999/xhtml" xml:lang="en" lang="en">
 <head>
  <title>
</title>
<meta http-equiv="Content-Type" content="text/html;charset=utf-8" />
  <meta name='ocr-system' content='tesseract 3.04.00' />
  <meta name='ocr-capabilities' content='ocr_page ocr_carea ocr_par ocr_line ocrx_word'/>
</head>
<body>
  <div class='ocr_page' id='page_1' title='image "./historiarum00livyuoft_0172.png"; bbox 0 0 1649 2452; ppageno 0'>
   <div class='ocr_carea' id='block_1_1' title="bbox 216 64 1522 176">
    <p class='ocr_par' dir='ltr' id='par_1_1' title="bbox 216 64 1522 176">
     <span class='ocr_line' id='line_1_1' title="bbox 216 64 1522 176; baseline 0.002 -54"><span class='ocrx_word' id='word_1_1' title='bbox 216 81 294 123; x_wconf 83' lang='lat'><strong>522</strong></span> <span class='ocrx_word' id='word_1_2' title='bbox 388 64 390 66; x_wconf 77' lang='grc'><strong>’</strong></span> <span class='ocrx_word' id='word_1_3' title='bbox 530 82 576 124; x_wconf 79' lang='grc' dir='ltr'><strong>Τ.</strong></span> <span class='ocrx_word' id='word_1_4' title='bbox 607 79 755 123; x_wconf 77' lang='lat' dir='ltr'><strong>mvn</strong></span> <span class='ocrx_word' id='word_1_5' title='bbox 789 80 1209 124; x_wconf 80' lang='lat' dir='ltr'><strong>HISTORIARUM</strong></span> <span class='ocrx_word' id='word_1_6' title='bbox 1328 136 1375 176; x_wconf 60' lang='lat' dir='ltr'><strong>[A</strong></span> <span class='ocrx_word' id='word_1_7' title='bbox 1405 137 1432 168; x_wconf 81' lang='lat' dir='ltr'><strong>c</strong></span> <span class='ocrx_word' id='word_1_8' title='bbox 1459 135 1522 170; x_wconf 64' lang='lat' dir='ltr'><em>m</em></span> 
     </span>
    </p>
   </div>
   <div class='ocr_carea' id='block_1_2' title="bbox 177 177 1541 554">
    <p class='ocr_par' dir='ltr' id='par_1_2' title="bbox 177 177 1541 554">
     <span class='ocr_line' id='line_1_2' title="bbox 215 177 1537 237; baseline 0.003 -17"><span class='ocrx_word' id='word_1_9' title='bbox 215 179 351 221; x_wconf 89' lang='lat' dir='ltr'><strong>trema</strong></span> <span class='ocrx_word' id='word_1_10' title='bbox 371 177 517 221; x_wconf 91' lang='lat' dir='ltr'><strong>concio</strong></span> <span class='ocrx_word' id='word_1_11' title='bbox 538 179 581 221; x_wconf 90' lang='lat' dir='ltr'><strong>ct</strong></span> <span class='ocrx_word' id='word_1_12' title='bbox 603 178 713 223; x_wconf 85' lang='lat' dir='ltr'><strong>circa</strong></span> <span class='ocrx_word' id='word_1_13' title='bbox 738 177 916 224; x_wconf 83' lang='lat' dir='ltr'><strong>Fabium</strong></span> <span class='ocrx_word' id='word_1_14' title='bbox 935 178 1085 237; x_wconf 81' lang='lat' dir='ltr'>globus</span> <span class='ocrx_word' id='word_1_15' title='bbox 1112 177 1384 237; x_wconf 81' lang='lat' dir='ltr'>increpabant</span> <span class='ocrx_word' id='word_1_16' title='bbox 1411 179 1537 224; x_wconf 87' lang='lat' dir='ltr'><strong>incle-</strong></span> 
     </span>
     <span class='ocr_line' id='line_1_3' title="bbox 177 242 1539 301; baseline 0.002 -15"><span class='ocrx_word' id='word_1_17' title='bbox 177 249 200 287; x_wconf 91' lang='grc'><strong>9</strong></span> <span class='ocrx_word' id='word_1_18' title='bbox 217 245 400 286; x_wconf 80' lang='lat' dir='ltr'><strong>mentem</strong></span> <span class='ocrx_word' id='word_1_19' title='bbox 427 242 675 287; x_wconf 87' lang='lat' dir='ltr'><strong>dictatorem</strong></span> <span class='ocrx_word' id='word_1_20' title='bbox 704 258 783 288; x_wconf 89' lang='lat' dir='ltr'><strong>nec</strong></span> <span class='ocrx_word' id='word_1_21' title='bbox 812 244 958 301; x_wconf 85' lang='lat' dir='ltr'><strong>procul</strong></span> <span class='ocrx_word' id='word_1_22' title='bbox 985 244 1192 289; x_wconf 88' lang='lat' dir='ltr'><strong>seditione</strong></span> <span class='ocrx_word' id='word_1_23' title='bbox 1220 244 1406 289; x_wconf 88' lang='lat' dir='ltr'><strong>aberant.</strong></span> <span class='ocrx_word' id='word_1_24' title='bbox 1466 244 1539 289; x_wconf 90' lang='lat' dir='ltr'><strong>Ne</strong></span> 
     </span>
     <span class='ocr_line' id='line_1_4' title="bbox 214 305 1538 367; baseline 0.002 -17"><span class='ocrx_word' id='word_1_25' title='bbox 214 305 400 351; x_wconf 90' lang='lat' dir='ltr'><strong>tribunal</strong></span> <span class='ocrx_word' id='word_1_26' title='bbox 420 306 588 365; x_wconf 91' lang='lat' dir='ltr'><strong>quidem</strong></span> <span class='ocrx_word' id='word_1_27' title='bbox 604 307 708 351; x_wconf 89' lang='lat' dir='ltr'><strong>satis</strong></span> <span class='ocrx_word' id='word_1_28' title='bbox 725 308 914 365; x_wconf 85' lang='lat' dir='ltr'><strong>quietum</strong></span> <span class='ocrx_word' id='word_1_29' title='bbox 934 312 1044 353; x_wconf 88' lang='lat' dir='ltr'><strong>erat:</strong></span> <span class='ocrx_word' id='word_1_30' title='bbox 1073 308 1203 367; x_wconf 86' lang='lat' dir='ltr'><strong>legati</strong></span> <span class='ocrx_word' id='word_1_31' title='bbox 1217 308 1538 354; x_wconf 84' lang='lat' dir='ltr'><strong>circumstantes</strong></span> 
     </span>
     <span class='ocr_line' id='line_1_5' title="bbox 216 370 1538 430; baseline 0.003 -16"><span class='ocrx_word' id='word_1_32' title='bbox 216 370 360 415; x_wconf 88' lang='lat' dir='ltr'><strong>sellam</strong></span> <span class='ocrx_word' id='word_1_33' title='bbox 380 371 554 415; x_wconf 86' lang='lat' dir='ltr'><strong>orabant</strong></span> <span class='ocrx_word' id='word_1_34' title='bbox 575 377 624 416; x_wconf 92' lang='lat' dir='ltr'><strong>ut</strong></span> <span class='ocrx_word' id='word_1_35' title='bbox 644 386 733 415; x_wconf 89' lang='lat' dir='ltr'><strong>rem</strong></span> <span class='ocrx_word' id='word_1_36' title='bbox 753 373 799 415; x_wconf 89' lang='grc'><strong>111</strong></span> <span class='ocrx_word' id='word_1_37' title='bbox 818 376 1035 430; x_wconf 86' lang='lat' dir='ltr'><strong>posterum</strong></span> <span class='ocrx_word' id='word_1_38' title='bbox 1061 373 1172 418; x_wconf 91' lang='lat' dir='ltr'><strong>diem</strong></span> <span class='ocrx_word' id='word_1_39' title='bbox 1192 372 1380 418; x_wconf 89' lang='lat' dir='ltr'><strong>differret</strong></span> <span class='ocrx_word' id='word_1_40' title='bbox 1401 376 1446 417; x_wconf 86' lang='lat' dir='ltr'><strong>et</strong></span> <span class='ocrx_word' id='word_1_41' title='bbox 1465 373 1538 418; x_wconf 88' lang='lat' dir='ltr'><strong>irae</strong></span> 
     </span>
     <span class='ocr_line' id='line_1_6' title="bbox 217 435 1541 495; baseline 0.002 -16"><span class='ocrx_word' id='word_1_42' title='bbox 217 451 303 480; x_wconf 83' lang='lat' dir='ltr'><strong>suae</strong></span> <span class='ocrx_word' id='word_1_43' title='bbox 323 435 504 494; x_wconf 90' lang='lat' dir='ltr'><strong>spatium</strong></span> <span class='ocrx_word' id='word_1_44' title='bbox 527 438 570 480; x_wconf 91' lang='lat' dir='ltr'><strong>et</strong></span> <span class='ocrx_word' id='word_1_45' title='bbox 591 435 763 480; x_wconf 84' lang='lat' dir='ltr'><strong>consilio</strong></span> <span class='ocrx_word' id='word_1_46' title='bbox 791 439 957 494; x_wconf 89' lang='lat' dir='ltr'><strong>tempus</strong></span> <span class='ocrx_word' id='word_1_47' title='bbox 985 437 1129 482; x_wconf 87' lang='lat' dir='ltr'><strong>daret:</strong></span> <span class='ocrx_word' id='word_1_48' title='bbox 1161 438 1264 482; x_wconf 87' lang='lat' dir='ltr'><strong>satis</strong></span> <span class='ocrx_word' id='word_1_49' title='bbox 1291 437 1541 495; x_wconf 76' lang='lat' dir='ltr'><strong>castigatam</strong></span> 
     </span>
     <span class='ocr_line' id='line_1_7' title="bbox 222 499 1539 554; baseline 0.002 -10"><span class='ocrx_word' id='word_1_50' title='bbox 222 499 545 545; x_wconf 77' lang='lat' dir='ltr'>adolescentiam</span> <span class='ocrx_word' id='word_1_51' title='bbox 572 499 693 545; x_wconf 86' lang='lat' dir='ltr'>Fabii</span> <span class='ocrx_word' id='word_1_52' title='bbox 720 515 828 554; x_wconf 86' lang='lat' dir='ltr'><strong>esse,</strong></span> <span class='ocrx_word' id='word_1_53' title='bbox 855 501 958 545; x_wconf 87' lang='lat' dir='ltr'><strong>satis</strong></span> <span class='ocrx_word' id='word_1_54' title='bbox 990 503 1265 546; x_wconf 84' lang='lat' dir='ltr'><strong>deformatam</strong></span> <span class='ocrx_word' id='word_1_55' title='bbox 1295 502 1539 547; x_wconf 84' lang='lat' dir='ltr'><strong>victoriam:</strong></span> 
     </span>
    </p>
   </div>
   <div class='ocr_carea' id='block_1_3' title="bbox 217 564 1636 623">
    <p class='ocr_par' dir='ltr' id='par_1_3' title="bbox 217 564 1636 623">
     <span class='ocr_line' id='line_1_8' title="bbox 217 564 1636 623; baseline 0.002 -15"><span class='ocrx_word' id='word_1_56' title='bbox 217 580 271 609; x_wconf 94' lang='grc'><strong>116</strong></span> <span class='ocrx_word' id='word_1_57' title='bbox 308 564 361 608; x_wconf 82' lang='lat' dir='ltr'><strong>ad</strong></span> <span class='ocrx_word' id='word_1_58' title='bbox 401 567 637 609; x_wconf 82' lang='lat' dir='ltr'><strong>extremum</strong></span> <span class='ocrx_word' id='word_1_59' title='bbox 672 564 798 609; x_wconf 90' lang='lat' dir='ltr'><strong>finem</strong></span> <span class='ocrx_word' id='word_1_60' title='bbox 834 565 1027 623; x_wconf 90' lang='lat' dir='ltr'><strong>supplicii</strong></span> <span class='ocrx_word' id='word_1_61' title='bbox 1061 565 1254 610; x_wconf 83' lang='lat' dir='ltr'><strong>tenderet</strong></span> <span class='ocrx_word' id='word_1_62' title='bbox 1294 581 1378 610; x_wconf 87' lang='lat' dir='ltr'><strong>neu</strong></span> <span class='ocrx_word' id='word_1_63' title='bbox 1416 565 1542 610; x_wconf 84' lang='lat' dir='ltr'><strong>unico</strong></span> <span class='ocrx_word' id='word_1_64' title='bbox 1630 578 1636 621; x_wconf 73' lang='grc' dir='ltr'>ξ</span> 
     </span>
    </p>
   </div>
   <div class='ocr_carea' id='block_1_4' title="bbox 113 629 1556 2306">
    <p class='ocr_par' dir='ltr' id='par_1_4' title="bbox 113 629 1556 2306">
     <span class='ocr_line' id='line_1_9' title="bbox 213 629 1543 688; baseline 0.001 -14"><span class='ocrx_word' id='word_1_65' title='bbox 213 629 362 686; x_wconf 86' lang='lat' dir='ltr'><strong>juveni</strong></span> <span class='ocrx_word' id='word_1_66' title='bbox 388 644 472 673; x_wconf 90' lang='lat' dir='ltr'><strong>neu</strong></span> <span class='ocrx_word' id='word_1_67' title='bbox 500 629 612 686; x_wconf 89' lang='lat' dir='ltr'><strong>patri</strong></span> <span class='ocrx_word' id='word_1_68' title='bbox 640 632 734 686; x_wconf 86' lang='lat' dir='ltr'><strong>ejus</strong></span> <span class='ocrx_word' id='word_1_69' title='bbox 764 629 994 674; x_wconf 88' lang='lat' dir='ltr'><strong>clarissimo</strong></span> <span class='ocrx_word' id='word_1_70' title='bbox 1021 631 1111 675; x_wconf 93' lang='lat' dir='ltr'><strong>viro</strong></span> <span class='ocrx_word' id='word_1_71' title='bbox 1141 646 1226 675; x_wconf 88' lang='lat' dir='ltr'><strong>neu</strong></span> <span class='ocrx_word' id='word_1_72' title='bbox 1254 629 1395 675; x_wconf 78' lang='lat' dir='ltr'><strong>Fabiae</strong></span> <span class='ocrx_word' id='word_1_73' title='bbox 1425 629 1543 688; x_wconf 89' lang='lat' dir='ltr'><strong>genti</strong></span> 
     </span>
     <span class='ocr_line' id='line_1_10' title="bbox 158 693 1542 752; baseline 0 -13"><span class='ocrx_word' id='word_1_74' title='bbox 158 702 312 740; x_wconf 85' lang='lat' dir='ltr'><strong>locam</strong></span> <span class='ocrx_word' id='word_1_75' title='bbox 350 694 593 750; x_wconf 84' lang='lat' dir='ltr'><strong>injungeret</strong></span> <span class='ocrx_word' id='word_1_76' title='bbox 628 693 911 751; x_wconf 85' lang='lat' dir='ltr'><strong>ignominiam.</strong></span> <span class='ocrx_word' id='word_1_77' title='bbox 973 695 1121 743; x_wconf 78' lang='lat' dir='ltr'><strong>Quum</strong></span> <span class='ocrx_word' id='word_1_78' title='bbox 1160 710 1310 752; x_wconf 90' lang='lat' dir='ltr'><strong>parum</strong></span> <span class='ocrx_word' id='word_1_79' title='bbox 1349 695 1542 752; x_wconf 89' lang='lat' dir='ltr'><strong>precibus</strong></span> 
     </span>
     <span class='ocr_line' id='line_1_11' title="bbox 217 760 1542 818; baseline 0.001 -14"><span class='ocrx_word' id='word_1_80' title='bbox 217 775 366 818; x_wconf 90' lang='lat' dir='ltr'><strong>parum</strong></span> <span class='ocrx_word' id='word_1_81' title='bbox 395 774 522 804; x_wconf 88' lang='lat' dir='ltr'><strong>causa</strong></span> <span class='ocrx_word' id='word_1_82' title='bbox 551 760 814 817; x_wconf 87' lang='lat' dir='ltr'><strong>proficerent,</strong></span> <span class='ocrx_word' id='word_1_83' title='bbox 846 760 1003 805; x_wconf 85' lang='lat' dir='ltr'><strong>intueri</strong></span> <span class='ocrx_word' id='word_1_84' title='bbox 1032 761 1273 805; x_wconf 82' lang='lat' dir='ltr'><strong>saevientem</strong></span> <span class='ocrx_word' id='word_1_85' title='bbox 1300 761 1542 805; x_wconf 86' lang='lat' dir='ltr'><strong>concionem</strong></span> 
     </span>
     <span class='ocr_line' id='line_1_12' title="bbox 216 823 1543 884; baseline 0 -16"><span class='ocrx_word' id='word_1_86' title='bbox 216 823 444 882; x_wconf 85' lang='lat' dir='ltr'><strong>jubebant:</strong></span> <span class='ocrx_word' id='word_1_87' title='bbox 476 823 539 868; x_wconf 89' lang='lat' dir='ltr'><strong>ita</strong></span> <span class='ocrx_word' id='word_1_88' title='bbox 571 823 748 868; x_wconf 87' lang='lat' dir='ltr'><strong>irritatis</strong></span> <span class='ocrx_word' id='word_1_89' title='bbox 785 824 969 868; x_wconf 85' lang='lat' dir='ltr'><strong>militum</strong></span> <span class='ocrx_word' id='word_1_90' title='bbox 1004 825 1151 869; x_wconf 89' lang='lat' dir='ltr'><strong>animis</strong></span> <span class='ocrx_word' id='word_1_91' title='bbox 1187 824 1368 870; x_wconf 86' lang='lat' dir='ltr'><strong>subdere</strong></span> <span class='ocrx_word' id='word_1_92' title='bbox 1401 825 1543 884; x_wconf 84' lang='lat' dir='ltr'><strong>ignem</strong></span> 
     </span>
     <span class='ocr_line' id='line_1_13' title="bbox 220 887 1544 947; baseline 0.002 -15"><span class='ocrx_word' id='word_1_93' title='bbox 220 903 268 933; x_wconf 89' lang='lat' dir='ltr'><strong>ac</strong></span> <span class='ocrx_word' id='word_1_94' title='bbox 302 887 520 932; x_wconf 83' lang='lat' dir='ltr'><strong>materiam</strong></span> <span class='ocrx_word' id='word_1_95' title='bbox 555 887 754 933; x_wconf 84' lang='lat' dir='ltr'>seditioni</span> <span class='ocrx_word' id='word_1_96' title='bbox 786 903 873 932; x_wconf 90' lang='lat' dir='ltr'><strong>non</strong></span> <span class='ocrx_word' id='word_1_97' title='bbox 903 904 997 933; x_wconf 84' lang='lat' dir='ltr'><strong>esse</strong></span> <span class='ocrx_word' id='word_1_98' title='bbox 1027 890 1166 934; x_wconf 84' lang='lat' dir='ltr'><strong>aetatis</strong></span> <span class='ocrx_word' id='word_1_99' title='bbox 1196 904 1282 934; x_wconf 92' lang='lat' dir='ltr'><strong>non</strong></span> <span class='ocrx_word' id='word_1_100' title='bbox 1310 889 1544 947; x_wconf 82' lang='lat' dir='ltr'><strong>prudentiae</strong></span> 
     </span>
     <span class='ocr_line' id='line_1_14' title="bbox 220 952 1544 1012; baseline 0.002 -16"><span class='ocrx_word' id='word_1_101' title='bbox 220 953 334 1010; x_wconf 87' lang='lat' dir='ltr'><strong>ejus:</strong></span> <span class='ocrx_word' id='word_1_102' title='bbox 371 953 581 997; x_wconf 87' lang='lat' dir='ltr'><strong>neminem</strong></span> <span class='ocrx_word' id='word_1_103' title='bbox 619 952 665 996; x_wconf 92' lang='lat' dir='ltr'><strong>id</strong></span> <span class='ocrx_word' id='word_1_104' title='bbox 701 952 756 1001; x_wconf 79' lang='lat' dir='ltr'><strong>Q.</strong></span> <span class='ocrx_word' id='word_1_105' title='bbox 778 952 909 998; x_wconf 78' lang='lat' dir='ltr'><strong>Fabio</strong></span> <span class='ocrx_word' id='word_1_106' title='bbox 945 968 1111 1011; x_wconf 86' lang='lat' dir='ltr'><strong>poenam</strong></span> <span class='ocrx_word' id='word_1_107' title='bbox 1147 954 1391 1012; x_wconf 82' lang='lat' dir='ltr'><strong>deprecanti</strong></span> <span class='ocrx_word' id='word_1_108' title='bbox 1426 969 1544 998; x_wconf 87' lang='lat' dir='ltr'><strong>suam</strong></span> 
     </span>
     <span class='ocr_line' id='line_1_15' title="bbox 223 1016 1545 1070; baseline 0.002 -9"><span class='ocrx_word' id='word_1_109' title='bbox 223 1017 328 1062; x_wconf 86' lang='lat' dir='ltr'><strong>vitio</strong></span> <span class='ocrx_word' id='word_1_110' title='bbox 348 1033 568 1062; x_wconf 86' lang='lat' dir='ltr'><strong>versurum</strong></span> <span class='ocrx_word' id='word_1_111' title='bbox 597 1016 672 1061; x_wconf 88' lang='lat' dir='ltr'><strong>sed</strong></span> <span class='ocrx_word' id='word_1_112' title='bbox 702 1017 911 1070; x_wconf 86' lang='lat' dir='ltr'><strong>dictatori,</strong></span> <span class='ocrx_word' id='word_1_113' title='bbox 935 1019 972 1062; x_wconf 87' lang='lat' dir='ltr'><strong>si</strong></span> <span class='ocrx_word' id='word_1_114' title='bbox 999 1022 1230 1063; x_wconf 81' lang='lat' dir='ltr'><strong>occaecatus</strong></span> <span class='ocrx_word' id='word_1_115' title='bbox 1258 1019 1322 1063; x_wconf 88' lang='lat' dir='ltr'><strong>ira</strong></span> <span class='ocrx_word' id='word_1_116' title='bbox 1347 1018 1545 1063; x_wconf 86' lang='lat' dir='ltr'><strong>infestam</strong></span> 
     </span>
     <span class='ocr_line' id='line_1_16' title="bbox 225 1081 1545 1141; baseline 0.002 -15"><span class='ocrx_word' id='word_1_117' title='bbox 225 1081 541 1126; x_wconf 80' lang='lat' dir='ltr'><strong>multitudinem</strong></span> <span class='ocrx_word' id='word_1_118' title='bbox 561 1081 606 1126; x_wconf 91' lang='lat' dir='ltr'><strong>in</strong></span> <span class='ocrx_word' id='word_1_119' title='bbox 626 1097 671 1126; x_wconf 89' lang='lat' dir='ltr'><strong>se</strong></span> <span class='ocrx_word' id='word_1_120' title='bbox 690 1096 819 1139; x_wconf 86' lang='lat' dir='ltr'><strong>pravo</strong></span> <span class='ocrx_word' id='word_1_121' title='bbox 836 1082 1063 1127; x_wconf 87' lang='lat' dir='ltr'><strong>certamine</strong></span> <span class='ocrx_word' id='word_1_122' title='bbox 1077 1083 1299 1128; x_wconf 88' lang='lat' dir='ltr'><strong>movisset:</strong></span> <span class='ocrx_word' id='word_1_123' title='bbox 1330 1086 1545 1141; x_wconf 89' lang='lat' dir='ltr'><strong>postremo</strong></span> 
     </span>
     <span class='ocr_line' id='line_1_17' title="bbox 227 1146 1544 1206; baseline 0.002 -16"><span class='ocrx_word' id='word_1_124' title='bbox 227 1162 281 1191; x_wconf 87' lang='lat' dir='ltr'><strong>ne</strong></span> <span class='ocrx_word' id='word_1_125' title='bbox 300 1146 345 1190; x_wconf 90' lang='lat' dir='ltr'><strong>id</strong></span> <span class='ocrx_word' id='word_1_126' title='bbox 365 1162 410 1191; x_wconf 88' lang='lat' dir='ltr'><strong>se</strong></span> <span class='ocrx_word' id='word_1_127' title='bbox 431 1146 578 1204; x_wconf 84' lang='lat' dir='ltr'><strong>gratiae</strong></span> <span class='ocrx_word' id='word_1_128' title='bbox 607 1146 705 1190; x_wconf 87' lang='lat' dir='ltr'><strong>dare</strong></span> <span class='ocrx_word' id='word_1_129' title='bbox 735 1147 783 1200; x_wconf 86' lang='lat' dir='ltr'><strong>Q.</strong></span> <span class='ocrx_word' id='word_1_130' title='bbox 805 1146 926 1190; x_wconf 83' lang='lat' dir='ltr'><strong>Fabii</strong></span> <span class='ocrx_word' id='word_1_131' title='bbox 956 1148 1156 1201; x_wconf 88' lang='lat' dir='ltr'><strong>crederet,</strong></span> <span class='ocrx_word' id='word_1_132' title='bbox 1181 1163 1225 1192; x_wconf 91' lang='lat' dir='ltr'><strong>se</strong></span> <span class='ocrx_word' id='word_1_133' title='bbox 1247 1148 1544 1206; x_wconf 74' lang='lat' dir='ltr'><strong>Jusjurandum</strong></span> 
     </span>
     <span class='ocr_line' id='line_1_18' title="bbox 230 1210 1543 1269; baseline 0.001 -14"><span class='ocrx_word' id='word_1_134' title='bbox 230 1211 329 1255; x_wconf 85' lang='lat' dir='ltr'><strong>dare</strong></span> <span class='ocrx_word' id='word_1_135' title='bbox 349 1215 518 1269; x_wconf 86' lang='lat' dir='ltr'><strong>paratos</strong></span> <span class='ocrx_word' id='word_1_136' title='bbox 539 1226 631 1255; x_wconf 89' lang='lat' dir='ltr'><strong>esse</strong></span> <span class='ocrx_word' id='word_1_137' title='bbox 651 1226 736 1255; x_wconf 91' lang='lat' dir='ltr'><strong>non</strong></span> <span class='ocrx_word' id='word_1_138' title='bbox 755 1210 888 1255; x_wconf 88' lang='lat' dir='ltr'><strong>videri</strong></span> <span class='ocrx_word' id='word_1_139' title='bbox 908 1226 931 1255; x_wconf 90' lang='lat' dir='ltr'><strong>e</strong></span> <span class='ocrx_word' id='word_1_140' title='bbox 951 1227 997 1255; x_wconf 92' lang='lat' dir='ltr'><strong>re</strong></span> <span class='ocrx_word' id='word_1_141' title='bbox 1027 1211 1194 1269; x_wconf 89' lang='lat' dir='ltr'><strong>publica</strong></span> <span class='ocrx_word' id='word_1_142' title='bbox 1219 1213 1264 1257; x_wconf 92' lang='lat' dir='ltr'><strong>in</strong></span> <span class='ocrx_word' id='word_1_143' title='bbox 1292 1212 1346 1261; x_wconf 80' lang='lat' dir='ltr'><strong>Q.</strong></span> <span class='ocrx_word' id='word_1_144' title='bbox 1370 1212 1543 1257; x_wconf 87' lang='lat' dir='ltr'><strong>Fabium</strong></span> 
     </span>
     <span class='ocr_line' id='line_1_19' title="bbox 113 1274 1547 1335; baseline 0 -15"><span class='ocrx_word' id='word_1_145' title='bbox 113 1275 215 1333; x_wconf 84' lang='lat'>(33)</span> <span class='ocrx_word' id='word_1_146' title='bbox 231 1290 280 1320; x_wconf 90' lang='grc'>60</span> <span class='ocrx_word' id='word_1_147' title='bbox 300 1278 490 1333; x_wconf 89' lang='lat' dir='ltr'><strong>tempore</strong></span> <span class='ocrx_word' id='word_1_148' title='bbox 510 1274 796 1320; x_wconf 86' lang='lat' dir='ltr'><strong>animadverti.</strong></span> <span class='ocrx_word' id='word_1_149' title='bbox 857 1275 941 1319; x_wconf 88' lang='lat' dir='ltr'><strong>His</strong></span> <span class='ocrx_word' id='word_1_150' title='bbox 971 1276 1144 1320; x_wconf 86' lang='lat' dir='ltr'><strong>vocibus</strong></span> <span class='ocrx_word' id='word_1_151' title='bbox 1172 1292 1301 1335; x_wconf 90' lang='lat' dir='ltr'><strong>quum</strong></span> <span class='ocrx_word' id='word_1_152' title='bbox 1331 1276 1377 1320; x_wconf 89' lang='lat' dir='ltr'><strong>in</strong></span> <span class='ocrx_word' id='word_1_153' title='bbox 1397 1292 1441 1321; x_wconf 92' lang='lat' dir='ltr'><strong>se</strong></span> <span class='ocrx_word' id='word_1_154' title='bbox 1461 1291 1547 1320; x_wconf 91' lang='lat' dir='ltr'><strong>ma-</strong></span> 
     </span>
     <span class='ocr_line' id='line_1_20' title="bbox 230 1339 1549 1399; baseline 0.001 -15"><span class='ocrx_word' id='word_1_155' title='bbox 230 1340 295 1399; x_wconf 85' lang='lat' dir='ltr'><strong>gis</strong></span> <span class='ocrx_word' id='word_1_156' title='bbox 325 1340 549 1385; x_wconf 87' lang='lat' dir='ltr'><strong>incitarent</strong></span> <span class='ocrx_word' id='word_1_157' title='bbox 580 1339 829 1384; x_wconf 85' lang='lat' dir='ltr'><strong>dictatorem</strong></span> <span class='ocrx_word' id='word_1_158' title='bbox 859 1355 983 1397; x_wconf 88' lang='lat' dir='ltr'><strong>quam</strong></span> <span class='ocrx_word' id='word_1_159' title='bbox 1010 1341 1213 1398; x_wconf 86' lang='lat' dir='ltr'><strong>magistro</strong></span> <span class='ocrx_word' id='word_1_160' title='bbox 1244 1341 1434 1399; x_wconf 89' lang='lat' dir='ltr'><strong>equitum</strong></span> <span class='ocrx_word' id='word_1_161' title='bbox 1461 1340 1549 1399; x_wconf 89' lang='lat' dir='ltr'><strong>pla-</strong></span> 
     </span>
     <span class='ocr_line' id='line_1_21' title="bbox 229 1404 1550 1464; baseline 0.001 -15"><span class='ocrx_word' id='word_1_162' title='bbox 229 1408 386 1458; x_wconf 84' lang='lat' dir='ltr'><strong>carent,</strong></span> <span class='ocrx_word' id='word_1_163' title='bbox 411 1405 522 1462; x_wconf 88' lang='lat' dir='ltr'><strong>jussi</strong></span> <span class='ocrx_word' id='word_1_164' title='bbox 550 1404 601 1449; x_wconf 87' lang='lat' dir='ltr'><strong>dc</strong></span> <span class='ocrx_word' id='word_1_165' title='bbox 628 1404 829 1449; x_wconf 76' lang='lat' dir='ltr'><strong>tribunaii</strong></span> <span class='ocrx_word' id='word_1_166' title='bbox 859 1404 1110 1450; x_wconf 87' lang='lat' dir='ltr'><strong>descendere</strong></span> <span class='ocrx_word' id='word_1_167' title='bbox 1139 1405 1281 1464; x_wconf 86' lang='lat' dir='ltr'><strong>legati,</strong></span> <span class='ocrx_word' id='word_1_168' title='bbox 1309 1409 1352 1450; x_wconf 88' lang='lat' dir='ltr'><strong>et</strong></span> <span class='ocrx_word' id='word_1_169' title='bbox 1383 1405 1550 1450; x_wconf 85' lang='lat' dir='ltr'><strong>silentio</strong></span> 
     </span>
     <span class='ocr_line' id='line_1_22' title="bbox 228 1470 1550 1529; baseline 0.001 -15"><span class='ocrx_word' id='word_1_170' title='bbox 228 1470 479 1528; x_wconf 82' lang='lat' dir='ltr'><strong>nequiquam</strong></span> <span class='ocrx_word' id='word_1_171' title='bbox 503 1485 578 1527; x_wconf 89' lang='lat' dir='ltr'><strong>per</strong></span> <span class='ocrx_word' id='word_1_172' title='bbox 598 1484 832 1527; x_wconf 82' lang='lat' dir='ltr'><strong>praeconem</strong></span> <span class='ocrx_word' id='word_1_173' title='bbox 853 1472 1063 1526; x_wconf 89' lang='lat' dir='ltr'><strong>temptato</strong></span> <span class='ocrx_word' id='word_1_174' title='bbox 1095 1486 1224 1528; x_wconf 92' lang='lat' dir='ltr'><strong>quum</strong></span> <span class='ocrx_word' id='word_1_175' title='bbox 1254 1485 1340 1528; x_wconf 83' lang='lat' dir='ltr'><strong>prae</strong></span> <span class='ocrx_word' id='word_1_176' title='bbox 1369 1471 1550 1529; x_wconf 86' lang='lat' dir='ltr'><strong>strepitu</strong></span> 
     </span>
     <span class='ocr_line' id='line_1_23' title="bbox 229 1533 1551 1593; baseline 0.001 -15"><span class='ocrx_word' id='word_1_177' title='bbox 229 1550 276 1579; x_wconf 89' lang='lat' dir='ltr'><strong>ac</strong></span> <span class='ocrx_word' id='word_1_178' title='bbox 296 1534 487 1578; x_wconf 84' lang='lat' dir='ltr'><strong>tumultu</strong></span> <span class='ocrx_word' id='word_1_179' title='bbox 513 1549 591 1578; x_wconf 91' lang='lat' dir='ltr'><strong>nec</strong></span> <span class='ocrx_word' id='word_1_180' title='bbox 618 1534 751 1592; x_wconf 90' lang='lat' dir='ltr'><strong>ipsius</strong></span> <span class='ocrx_word' id='word_1_181' title='bbox 783 1533 1001 1578; x_wconf 87' lang='lat' dir='ltr'><strong>dictatoris</strong></span> <span class='ocrx_word' id='word_1_182' title='bbox 1032 1549 1109 1578; x_wconf 90' lang='lat' dir='ltr'><strong>nec</strong></span> <span class='ocrx_word' id='word_1_183' title='bbox 1140 1535 1428 1593; x_wconf 86' lang='lat' dir='ltr'><strong>apparitorum</strong></span> <span class='ocrx_word' id='word_1_184' title='bbox 1457 1537 1551 1592; x_wconf 86' lang='lat' dir='ltr'><strong>ejus</strong></span> 
     </span>
     <span class='ocr_line' id='line_1_24' title="bbox 227 1597 1552 1656; baseline 0 -12"><span class='ocrx_word' id='word_1_185' title='bbox 227 1614 311 1644; x_wconf 77' lang='lat' dir='ltr'><strong>vox</strong></span> <span class='ocrx_word' id='word_1_186' title='bbox 339 1598 567 1653; x_wconf 88' lang='lat' dir='ltr'><strong>audiretur,</strong></span> <span class='ocrx_word' id='word_1_187' title='bbox 588 1613 674 1643; x_wconf 80' lang='lat' dir='ltr'><strong>nox</strong></span> <span class='ocrx_word' id='word_1_188' title='bbox 701 1597 817 1642; x_wconf 85' lang='lat' dir='ltr'><strong>velut</strong></span> <span class='ocrx_word' id='word_1_189' title='bbox 844 1598 889 1642; x_wconf 90' lang='lat' dir='ltr'><strong>in</strong></span> <span class='ocrx_word' id='word_1_190' title='bbox 918 1598 1063 1656; x_wconf 86' lang='lat' dir='ltr'><strong>proelio</strong></span> <span class='ocrx_word' id='word_1_191' title='bbox 1091 1599 1311 1643; x_wconf 87' lang='lat' dir='ltr'><strong>certamini</strong></span> <span class='ocrx_word' id='word_1_192' title='bbox 1337 1599 1462 1644; x_wconf 89' lang='lat' dir='ltr'><strong>finem</strong></span> <span class='ocrx_word' id='word_1_193' title='bbox 1491 1599 1552 1644; x_wconf 87' lang='lat' dir='ltr'><strong>fe-</strong></span> 
     </span>
     <span class='ocr_line' id='line_1_25' title="bbox 190 1662 1552 1721; baseline 0.001 -14"><span class='ocrx_word' id='word_1_194' title='bbox 190 1671 213 1707; x_wconf 94' lang='lat'>2</span> <span class='ocrx_word' id='word_1_195' title='bbox 229 1663 298 1708; x_wconf 83' lang='lat' dir='ltr'><strong>cit.</strong></span> <span class='ocrx_word' id='word_1_196' title='bbox 360 1663 572 1721; x_wconf 85' lang='lat' dir='ltr'><strong>Magister</strong></span> <span class='ocrx_word' id='word_1_197' title='bbox 593 1663 781 1720; x_wconf 91' lang='lat' dir='ltr'><strong>equitum</strong></span> <span class='ocrx_word' id='word_1_198' title='bbox 799 1662 944 1720; x_wconf 84' lang='lat' dir='ltr'><strong>jussus</strong></span> <span class='ocrx_word' id='word_1_199' title='bbox 966 1666 1136 1720; x_wconf 86' lang='lat' dir='ltr'><strong>postero</strong></span> <span class='ocrx_word' id='word_1_200' title='bbox 1157 1663 1225 1708; x_wconf 84' lang='lat' dir='ltr'><strong>die</strong></span> <span class='ocrx_word' id='word_1_201' title='bbox 1245 1663 1402 1717; x_wconf 86' lang='lat' dir='ltr'><strong>adesse,</strong></span> <span class='ocrx_word' id='word_1_202' title='bbox 1422 1679 1552 1721; x_wconf 91' lang='lat' dir='ltr'><strong>quum</strong></span> 
     </span>
     <span class='ocr_line' id='line_1_26' title="bbox 229 1727 1552 1787; baseline 0 -15"><span class='ocrx_word' id='word_1_203' title='bbox 229 1728 373 1772; x_wconf 84' lang='lat' dir='ltr'><strong>omues</strong></span> <span class='ocrx_word' id='word_1_204' title='bbox 405 1727 674 1772; x_wconf 85' lang='lat' dir='ltr'><strong>adfirmarent</strong></span> <span class='ocrx_word' id='word_1_205' title='bbox 704 1727 903 1771; x_wconf 84' lang='lat' dir='ltr'><strong>infestius</strong></span> <span class='ocrx_word' id='word_1_206' title='bbox 934 1727 1152 1786; x_wconf 85' lang='lat' dir='ltr'><strong>Papirium</strong></span> <span class='ocrx_word' id='word_1_207' title='bbox 1188 1743 1432 1773; x_wconf 85' lang='lat' dir='ltr'><strong>exarsurum</strong></span> <span class='ocrx_word' id='word_1_208' title='bbox 1466 1728 1552 1787; x_wconf 83' lang='lat' dir='ltr'><strong>agi·</strong></span> 
     </span>
     <span class='ocr_line' id='line_1_27' title="bbox 228 1791 1553 1851; baseline 0 -14"><span class='ocrx_word' id='word_1_209' title='bbox 228 1797 367 1837; x_wconf 77' lang='lat' dir='ltr'><strong>tatum</strong></span> <span class='ocrx_word' id='word_1_210' title='bbox 388 1792 667 1837; x_wconf 86' lang='lat' dir='ltr'><strong>conventione</strong></span> <span class='ocrx_word' id='word_1_211' title='bbox 687 1792 780 1850; x_wconf 82' lang='lat' dir='ltr'><strong>ipsu</strong></span> <span class='ocrx_word' id='word_1_212' title='bbox 799 1791 1192 1851; x_wconf 81' lang='lat' dir='ltr'><strong>exacerbatumque,</strong></span> <span class='ocrx_word' id='word_1_213' title='bbox 1208 1792 1315 1837; x_wconf 91' lang='lat' dir='ltr'><strong>clam</strong></span> <span class='ocrx_word' id='word_1_214' title='bbox 1331 1807 1383 1837; x_wconf 81' lang='lat' dir='ltr'><strong>ex</strong></span> <span class='ocrx_word' id='word_1_215' title='bbox 1404 1793 1553 1837; x_wconf 89' lang='lat' dir='ltr'><strong>castris</strong></span> 
     </span>
     <span class='ocr_line' id='line_1_28' title="bbox 230 1856 1554 1916; baseline -0.001 -14"><span class='ocrx_word' id='word_1_216' title='bbox 230 1858 410 1903; x_wconf 85' lang='lat' dir='ltr'><strong>Romam</strong></span> <span class='ocrx_word' id='word_1_217' title='bbox 445 1857 648 1916; x_wconf 84' lang='lat' dir='ltr'><strong>profugit,</strong></span> <span class='ocrx_word' id='word_1_218' title='bbox 682 1860 725 1901; x_wconf 87' lang='lat' dir='ltr'><strong>ct</strong></span> <span class='ocrx_word' id='word_1_219' title='bbox 761 1860 882 1914; x_wconf 84' lang='lat' dir='ltr'><strong>patre</strong></span> <span class='ocrx_word' id='word_1_220' title='bbox 915 1860 1085 1902; x_wconf 79' lang='lat' dir='ltr'><strong>auctore</strong></span> <span class='ocrx_word' id='word_1_221' title='bbox 1116 1857 1183 1900; x_wconf 84' lang='lat' dir='ltr'><strong>M.</strong></span> <span class='ocrx_word' id='word_1_222' title='bbox 1205 1856 1350 1910; x_wconf 79' lang='lat' dir='ltr'><strong>Fabio,</strong></span> <span class='ocrx_word' id='word_1_223' title='bbox 1383 1857 1455 1916; x_wconf 88' lang='lat' dir='ltr'><strong>qui</strong></span> <span class='ocrx_word' id='word_1_224' title='bbox 1487 1860 1554 1901; x_wconf 88' lang='lat' dir='ltr'><strong>ter</strong></span> 
     </span>
     <span class='ocr_line' id='line_1_29' title="bbox 224 1921 1555 1979; baseline -0.001 -13"><span class='ocrx_word' id='word_1_225' title='bbox 224 1925 315 1979; x_wconf 85' lang='lat' dir='ltr'><strong>jam</strong></span> <span class='ocrx_word' id='word_1_226' title='bbox 344 1922 491 1968; x_wconf 75' lang='lat' dir='ltr'><strong>consul</strong></span> <span class='ocrx_word' id='word_1_227' title='bbox 521 1921 786 1979; x_wconf 85' lang='lat' dir='ltr'><strong>dictatorque</strong></span> <span class='ocrx_word' id='word_1_228' title='bbox 813 1921 966 1976; x_wconf 84' lang='lat' dir='ltr'><strong>fuerat,</strong></span> <span class='ocrx_word' id='word_1_229' title='bbox 986 1925 1136 1966; x_wconf 90' lang='lat' dir='ltr'><strong>vocato</strong></span> <span class='ocrx_word' id='word_1_230' title='bbox 1166 1921 1376 1978; x_wconf 83' lang='lat' dir='ltr'><strong>extemplo</strong></span> <span class='ocrx_word' id='word_1_231' title='bbox 1405 1926 1555 1966; x_wconf 87' lang='lat' dir='ltr'><strong>senatu</strong></span> 
     </span>
     <span class='ocr_line' id='line_1_30' title="bbox 232 1985 1555 2045; baseline 0 -14"><span class='ocrx_word' id='word_1_232' title='bbox 232 2003 362 2045; x_wconf 90' lang='lat' dir='ltr'><strong>quum</strong></span> <span class='ocrx_word' id='word_1_233' title='bbox 401 1986 579 2031; x_wconf 79' lang='lat' dir='ltr'><strong>maxime</strong></span> <span class='ocrx_word' id='word_1_234' title='bbox 620 1989 948 2044; x_wconf 88' lang='lat' dir='ltr'><strong>conquereretur</strong></span> <span class='ocrx_word' id='word_1_235' title='bbox 982 1985 1093 2043; x_wconf 89' lang='lat' dir='ltr'><strong>apud</strong></span> <span class='ocrx_word' id='word_1_236' title='bbox 1128 1990 1271 2043; x_wconf 85' lang='lat' dir='ltr'><strong>patres</strong></span> <span class='ocrx_word' id='word_1_237' title='bbox 1305 1986 1392 2030; x_wconf 87' lang='lat' dir='ltr'><strong>vim</strong></span> <span class='ocrx_word' id='word_1_238' title='bbox 1428 1990 1555 2044; x_wconf 84' lang='lat' dir='ltr'><strong>atque</strong></span> 
     </span>
     <span class='ocr_line' id='line_1_31' title="bbox 231 2050 1554 2108; baseline 0.001 -13"><span class='ocrx_word' id='word_1_239' title='bbox 231 2051 427 2108; x_wconf 85' lang='lat' dir='ltr'><strong>injuriam</strong></span> <span class='ocrx_word' id='word_1_240' title='bbox 459 2051 689 2103; x_wconf 86' lang='lat' dir='ltr'><strong>dictatoris,</strong></span> <span class='ocrx_word' id='word_1_241' title='bbox 722 2053 895 2108; x_wconf 88' lang='lat' dir='ltr'><strong>repente</strong></span> <span class='ocrx_word' id='word_1_242' title='bbox 928 2050 1131 2108; x_wconf 84' lang='lat' dir='ltr'><strong>strepitus</strong></span> <span class='ocrx_word' id='word_1_243' title='bbox 1167 2053 1265 2094; x_wconf 89' lang='lat' dir='ltr'><strong>ante</strong></span> <span class='ocrx_word' id='word_1_244' title='bbox 1295 2050 1454 2095; x_wconf 91' lang='lat' dir='ltr'><strong>curiam</strong></span> <span class='ocrx_word' id='word_1_245' title='bbox 1484 2051 1554 2096; x_wconf 85' lang='lat' dir='ltr'><strong>lio-</strong></span> 
     </span>
     <span class='ocr_line' id='line_1_32' title="bbox 232 2113 1553 2172; baseline -0.001 -12"><span class='ocrx_word' id='word_1_246' title='bbox 232 2120 372 2160; x_wconf 90' lang='lat' dir='ltr'><strong>torum</strong></span> <span class='ocrx_word' id='word_1_247' title='bbox 401 2115 740 2160; x_wconf 86' lang='lat' dir='ltr'><strong>submoventium</strong></span> <span class='ocrx_word' id='word_1_248' title='bbox 767 2113 963 2159; x_wconf 82' lang='lat' dir='ltr'><strong>auditur:</strong></span> <span class='ocrx_word' id='word_1_249' title='bbox 994 2118 1037 2158; x_wconf 87' lang='lat' dir='ltr'><strong>et</strong></span> <span class='ocrx_word' id='word_1_250' title='bbox 1064 2114 1154 2172; x_wconf 90' lang='lat' dir='ltr'><strong>ipsc</strong></span> <span class='ocrx_word' id='word_1_251' title='bbox 1180 2115 1369 2159; x_wconf 83' lang='lat' dir='ltr'><strong>infensus</strong></span> <span class='ocrx_word' id='word_1_252' title='bbox 1397 2114 1553 2170; x_wconf 88' lang='lat' dir='ltr'><strong>aderat,</strong></span> 
     </span>
     <span class='ocr_line' id='line_1_33' title="bbox 232 2178 1556 2238; baseline -0.001 -13"><span class='ocrx_word' id='word_1_253' title='bbox 232 2183 455 2238; x_wconf 84' lang='lat' dir='ltr'><strong>postquam</strong></span> <span class='ocrx_word' id='word_1_254' title='bbox 476 2180 678 2238; x_wconf 90' lang='lat' dir='ltr'><strong>comperit</strong></span> <span class='ocrx_word' id='word_1_255' title='bbox 706 2179 941 2238; x_wconf 86' lang='lat' dir='ltr'><strong>profectum</strong></span> <span class='ocrx_word' id='word_1_256' title='bbox 970 2194 1023 2223; x_wconf 83' lang='lat' dir='ltr'><strong>ex</strong></span> <span class='ocrx_word' id='word_1_257' title='bbox 1050 2178 1211 2232; x_wconf 86' lang='lat' dir='ltr'><strong>castris,</strong></span> <span class='ocrx_word' id='word_1_258' title='bbox 1234 2192 1330 2224; x_wconf 92' lang='lat' dir='ltr'><strong>cum</strong></span> <span class='ocrx_word' id='word_1_259' title='bbox 1359 2179 1556 2238; x_wconf 83' lang='lat' dir='ltr'><strong>expedito</strong></span> 
     </span>
     <span class='ocr_line' id='line_1_34' title="bbox 194 2242 1556 2306; baseline 0.003 -16"><span class='ocrx_word' id='word_1_260' title='bbox 194 2249 217 2289; x_wconf 85' lang='grc'><strong>3</strong></span> <span class='ocrx_word' id='word_1_261' title='bbox 234 2244 427 2306; x_wconf 85' lang='lat' dir='ltr'><strong>equitatu</strong></span> <span class='ocrx_word' id='word_1_262' title='bbox 447 2249 665 2305; x_wconf 79' lang='lat' dir='ltr'><strong>sequutus.</strong></span> <span class='ocrx_word' id='word_1_263' title='bbox 727 2244 890 2291; x_wconf 83' lang='lat' dir='ltr'><strong>Iterata</strong></span> <span class='ocrx_word' id='word_1_264' title='bbox 917 2242 1065 2289; x_wconf 88' lang='lat' dir='ltr'><strong>deinde</strong></span> <span class='ocrx_word' id='word_1_265' title='bbox 1093 2244 1308 2291; x_wconf 85' lang='lat' dir='ltr'><strong>contentio</strong></span> <span class='ocrx_word' id='word_1_266' title='bbox 1337 2247 1382 2292; x_wconf 87' lang='lat' dir='ltr'><strong>et</strong></span> <span class='ocrx_word' id='word_1_267' title='bbox 1408 2243 1556 2305; x_wconf 82' lang='lat' dir='ltr'><strong>prendi</strong></span> 
     </span>
    </p>
   </div>
  </div>
 </body>
</html>
