1649 2452
595 61 705 104 LIB.
737 62 788 103 X.
826 65 937 104 1-3.
1353 66 1428 107 601

117 118 352 208 dolgiigttiiiiis
386 177 476 207 eam
511 164 903 222 oram—pervenit:
943 162 1003 209 ibi
1041 163 1200 221 egressi
1239 163 1432 221 praesidio

115 227 200 272 levi
224 226 400 273 navibus
427 227 574 272 relicto
595 229 709 274 vicos
737 232 993 288 expugnant,
1023 229 1282 273 inflammant
1303 232 1429 282 tecta,

117 291 332 336 hominum
362 292 650 350 pecudumque
678 293 839 351 praedas
868 297 999 352 agunt
1021 297 1064 338 et
1087 292 1304 338 dulcedine
1325 309 1433 351 prae-

116 357 243 401 dandi
274 357 440 416 longius
476 373 609 416 usque
645 373 670 402 a
704 358 880 403 navibus
912 357 1158 416 procedunt.
1220 358 1327 402 Haec
1359 357 1468 402 ubiG

115 421 339 466 Patavium
369 425 469 466 sunt
499 423 918 481 nuntiata—semper
952 425 1094 467 autem
1125 437 1196 467 eos
1227 422 1271 467 in
1305 422 1431 466 armis

115 486 266 531 aeeolae
303 486 412 531 Galli
445 486 726 541 habebant—,
763 487 808 532 in
843 487 946 532 duas
986 491 1127 546 partes
1164 488 1433 546 juventutem

115 550 333 596 dividunt:
366 551 498 596 altera
517 552 562 596 in
588 553 801 611 regionem
823 568 906 611 qua
931 553 1063 597 effusa
1083 552 1298 610 populatio
1326 567 1433 596 nun-

115 615 314 670 tiabatur,
338 616 470 662 altera
489 633 542 662 ne
565 618 633 662 cui
659 617 905 676 praedonum
926 618 1048 663 obvia
1072 618 1190 662 fieret
1212 617 1344 662 altero
1365 616 1434 661 iti-

114 696 214 726 nere
235 681 288 726 ad
308 682 534 727 stationem
552 682 910 727 navium—millia
933 686 1074 727 autem
1097 681 1431 741 quattuordecim

115 745 167 791 ab
187 747 342 805 oppido
367 747 710 792 aberat—ducta.
771 749 827 793 In
852 763 980 792 naves
1009 763 1158 806 parvas
1187 747 1469 793 custodibus7

113 811 378 870 interemptis
407 813 591 870 impetus
619 813 770 866 faetus,
803 813 1025 872 territique
1053 819 1193 858 nautae
1224 819 1436 871 coguntur

113 891 241 922 naves
280 877 326 921 in
365 876 537 922 alteram
577 878 711 936 ripam
747 878 879 922 amm's
914 878 1131 936 trajicere:
1165 881 1208 922 et
1242 877 1288 921 in
1321 881 1436 921 terra

114 955 361 1000 prosperum
382 958 500 1000 aeque
527 942 572 986 in
598 942 760 1000 palatos
787 942 1043 1000 praedatores
1067 942 1262 1000 proelium
1281 941 1433 996 fuerat,

113 1006 507 1065 refugientibusque
528 1006 580 1051 ad
601 1007 826 1055 stationem
849 1007 1005 1052 Graecis
1032 1007 1183 1052 Veneti
1198 1006 1434 1052 obsistunt:

113 1071 174 1115 ita
188 1071 233 1116 in
247 1071 385 1116 medio
400 1071 675 1116 circumventi
695 1072 838 1116 hostes
856 1073 1055 1130 eaesique:
1088 1087 1184 1130 pars
1202 1071 1314 1130 capti
1330 1071 1435 1116 elas-

113 1152 202 1182 sem
228 1137 415 1182 indicant
441 1153 666 1197 regemque
695 1137 972 1197 Cleonymum
1000 1138 1084 1183 tria
1114 1137 1243 1182 millia
1273 1137 1431 1182 abesse.

114 1201 220 1247 Inde
258 1202 436 1260 captivis
476 1203 665 1260 proximo
705 1203 797 1248 vico
837 1203 882 1247 in
921 1203 1155 1248 custodiam
1191 1202 1300 1247 datis
1335 1207 1470 1261 pars-‘3

112 1267 336 1312 fluviatiles
375 1282 503 1311 naves
540 1266 592 1311 ad
632 1267 868 1326 superanda
901 1267 1008 1312 vada
1048 1271 1294 1326 stagnorum
1336 1271 1434 1326 apte

112 1331 246 1390 planis
286 1331 414 1377 alveis
454 1331 691 1388 fabricatas,
728 1348 824 1391 pars
860 1333 1026 1390 captiva
1059 1332 1227 1391 navigia
1261 1332 1433 1376 armatis

112 1396 335 1455 complent,
371 1397 633 1456 profectique
669 1397 722 1442 ad
757 1397 933 1442 classem
963 1397 1198 1442 immobiles
1229 1412 1357 1442 naves
1388 1403 1433 1442 et

112 1462 203 1506 loca
227 1461 375 1520 ignota
401 1463 495 1519 plus
524 1477 649 1520 quam
676 1462 842 1507 hostem
869 1462 1068 1507 timentes
1098 1461 1430 1515 circumvadunt,

111 1526 406 1584 fugientesque
432 1527 478 1570 in
504 1526 634 1571 altum
663 1527 800 1571 acrius
829 1542 954 1585 quam
983 1531 1270 1585 repugnantes
1298 1542 1434 1584 usque

112 1590 165 1635 ad
194 1591 351 1635 ostium
386 1591 519 1636 amnis
554 1591 802 1650 persequuti
835 1591 969 1649 captis
1006 1589 1256 1649 quibusdam
1291 1591 1434 1635 incen-

112 1656 253 1714 sisque
291 1654 468 1700 navibus
508 1655 706 1708 hostium,
750 1671 853 1713 quas
888 1655 1114 1711 trepidatio
1149 1655 1194 1699 in
1227 1654 1336 1699 vada.
1369 1655 1433 1699 in-

111 1720 280 1772 tulerat,
317 1720 498 1765 victores
535 1723 831 1765 revertuntur:
879 1719 1134 1778 Cleonymus
1173 1719 1244 1764 vix
1285 1719 1434 1778 quinta

110 1789 230 1843 parte
262 1785 431 1829 navium
462 1784 660 1829 incolumi
688 1785 804 1829 nulla
833 1784 1004 1843 regione
1034 1785 1161 1829 maris
1194 1784 1432 1829 Hadriatici

110 1865 307 1909 prospere
329 1849 443 1894 adita
463 1850 668 1894 discessit.
731 1850 889 1894 Rostra
916 1848 1085 1896 navium
1111 1849 1326 1908 spoliaque
1350 1849 1467 1899 La-9

111 1930 263 1960 conum
289 1915 335 1959 in
361 1914 448 1959 aede
476 1915 656 1959 Junonis
683 1915 818 1959 veteri
844 1915 926 1959 fixa
952 1914 1077 1958 multi
1105 1918 1332 1972 supersimt
1359 1915 1431 1970 qui

111 1979 336 2056 viderunQ
365 1979 531 2024 Patavii
561 1983 878 2024 monumentum
909 1978 1068 2023 navalis
1098 1994 1250 2036 pugna:
1281 1993 1331 2023 eo
1363 1978 1430 2023 die

113 2059 196 2103 quo
234 2048 470 2102 pugnatum
506 2049 571 2088 est
608 2044 832 2102 quotannis
868 2043 1058 2088 sollemni
1093 2043 1320 2088 certamine
1355 2058 1431 2088 na·

112 2109 227 2154 vium
246 2109 292 2153 in
309 2109 480 2153 flumine
502 2109 645 2166 oppidi
665 2108 802 2153 medio
823 2112 1056 2153 exercetur.

169 2173 331 2218 Eodem
358 2188 467 2218 anno
499 2175 646 2218 Romae
675 2189 771 2218 cum
792 2173 984 2218 Vestinis
1014 2173 1258 2231 petentibus
1288 2173 1429 2218 amiei-
1442 2177 1513 2230 (3)

111 2239 214 2284 tiam
233 2238 363 2285 ictum
380 2243 447 2285 est
466 2239 616 2286 foedus.
659 2238 888 2296 Multiplex
908 2237 1058 2285 deinde
1074 2244 1247 2285 exortus
1266 2241 1428 2286 terror:
1442 2248 1465 2286 2
