1649 2452
205 73 281 111 516
516 74 561 112 T.
594 73 744 111 LIVII
776 72 1194 112 HISTORIARUM
1315 123 1362 167 [A
1389 126 1413 156 C
1442 125 1502 157 3¹23

163 172 187 209 5
201 167 436 211 mittantur.
497 166 739 224 Repentina
769 182 836 210 res
867 166 966 224 quia
1001 181 1126 224 quam
1160 181 1329 211 causam
1362 166 1520 211 nullam

200 234 287 274 tam
314 247 368 276 ne
393 231 518 275 fidem
547 231 710 289 quidem
743 230 936 286 habebat,
968 231 1102 276 coacti
1131 247 1157 275 3
1188 231 1445 276 Samnitibus
1475 234 1520 276 et

201 295 366 340 obsides
396 295 494 340 dare
522 298 565 339 et
593 294 786 351 praesidia
806 294 850 338 in
876 294 968 340 loca
987 295 1151 339 munita
1178 296 1388 353 accipere:
1421 295 1522 340 caeci

161 364 184 402 6
200 359 347 404 fraude
377 363 420 404 et
450 360 512 403 ira
540 359 645 403 nihil
674 358 935 403 recusarunt.
997 359 1195 404 Dilucere
1225 359 1374 404 deinde
1403 358 1522 404 brevi

200 423 317 468 fraus
345 424 470 481 coepit
499 431 724 481 postquam
751 423 972 467 criminum
998 423 1200 468 falsorum
1229 427 1421 468 auctores
1442 423 1522 467 Ta-

200 491 368 532 rentum
390 488 727 545 commigravere,
749 486 823 531 sed
851 487 1002 531 amissa
1022 488 1135 532 omni
1164 487 1215 532 de
1243 503 1288 532 se
1308 489 1522 546 potestate

200 552 305 596 nihil
323 552 436 596 ultra
457 567 580 610 quam
600 555 650 595 ut
671 552 894 608 poeniteret
915 552 1074 595 frustra
1094 551 1293 596 restabat.

83 617 186 670 (28)
259 617 323 660 Eo
345 632 452 661 anno
472 616 610 674 plebei
630 616 832 661 Romanae
853 616 970 660 velut
991 616 1105 660 aliud
1127 616 1296 660 initium
1314 616 1522 661 libertatis

200 681 359 725 factum
387 684 464 734 est,
495 680 607 738 quod
633 681 748 725 necti
774 680 1013 725 desierunt:
1045 683 1257 724 mutatum
1284 684 1426 725 autem
1447 683 1522 738 jus

199 745 253 789 ob
274 745 399 789 unius
420 745 669 789 feneratoris
698 744 823 788 simul
849 744 1064 789 libidinem
1085 744 1210 788 simul
1230 744 1524 789 crudelitatem

157 813 182 850 2
198 809 418 867 insignem.
476 809 528 853 L.
551 809 746 866 Papirius
767 809 803 853 is
825 809 920 863 fuit,
942 809 1010 853 cui
1032 825 1164 866 quum
1185 824 1230 853 se
1252 808 1300 853 C.
1315 807 1522 854 Publilius

198 874 251 918 ob
293 890 348 918 aes
389 873 570 918 alienum
609 877 832 931 paternum
865 889 1020 917 nexum
1057 873 1253 926 dedisset,
1292 888 1384 930 quae
1419 876 1522 917 aetas

197 939 414 996 formaque
434 938 479 982 in
498 937 824 982 misericordiam
851 938 999 983 elicere
1027 941 1206 995 poterat,
1230 937 1283 981 ad
1309 936 1523 982 libidinem

198 1007 241 1047 et
263 1002 554 1047 contumeliam
586 1002 769 1046 animum
797 1002 1105 1046 accenderunt:
1137 1007 1188 1046 ut
1214 1003 1359 1046 florem
1384 1001 1522 1045 aetatis

198 1070 290 1124 ejus
317 1067 504 1112 fructum
532 1066 814 1111 adventicium
842 1066 991 1111 crediti
1016 1070 1134 1110 ratus
1162 1066 1297 1124 primo
1322 1065 1522 1123 perlicere

198 1132 503 1177 adolescentem
534 1146 724 1175 sermone
754 1131 915 1174 incesto
947 1134 1012 1175 est
1043 1135 1232 1183 conatus,
1264 1130 1372 1182 dein,
1406 1135 1523 1187 post-

198 1213 322 1255 quam
363 1195 692 1253 aspernabantur
732 1195 942 1253 fiagitium
982 1211 1116 1250 aures,
1158 1195 1281 1239 minis
1326 1194 1522 1238 territare

198 1265 324 1320 atque
344 1260 577 1306 identidem
599 1260 821 1304 admonere
842 1260 1035 1313 fortunae,
1058 1262 1283 1317 postre1n0‚
1308 1274 1438 1317 quum
1458 1258 1522 1302 in-

200 1326 431 1383 genuitatis
460 1325 593 1382 magis
623 1339 746 1382 quam
777 1324 993 1381 praesentis
1023 1323 1272 1368 conditionis
1293 1337 1521 1366 memorem

158 1397 182 1434 3
198 1390 371 1446 videret,
401 1389 550 1435 nudari
581 1389 706 1446 jubet
741 1388 996 1446 verberaque
1033 1388 1198 1433 adferri.
1262 1387 1429 1436 Quibus
1464 1386 1522 1430 la-

198 1459 364 1501 ceratus
389 1455 556 1514 juvenis
586 1470 715 1512 quum
743 1469 787 1498 se
815 1454 860 1497 in
887 1453 1101 1511 publicum
1129 1452 1404 1511 proripuisset
1429 1450 1523 1496 libi-

198 1520 338 1565 dinem
368 1519 742 1576 crudelitatemque
778 1533 1037 1576 conquerens
1073 1517 1334 1569 feneratoris,
1372 1516 1522 1572 ingens

197 1585 260 1630 vis
281 1585 495 1629 hominum
513 1599 642 1641 quum
655 1582 792 1627 aetatis
814 1582 1081 1627 miseratione
1095 1586 1221 1640 atque
1234 1580 1522 1639 indignatione

197 1651 360 1709 injuriae
382 1664 556 1694 accensa
575 1652 668 1692 tum
690 1663 775 1692 suae
797 1646 1047 1691 conditionis
1068 1647 1328 1704 liberumque
1349 1660 1524 1690 suorum

197 1718 394 1773 respectu
423 1714 467 1758 in
496 1713 634 1757 forum
665 1715 791 1769 atque
822 1711 919 1756 inde
951 1711 1115 1770 agmine
1143 1711 1256 1756 facto
1285 1709 1338 1754 ad
1365 1710 1524 1754 curiam

199 1779 424 1833 concurrit,
456 1782 511 1831 et,
546 1793 676 1835 quum
703 1775 894 1820 consules
923 1775 1113 1820 tumultu
1141 1775 1360 1834 repentino
1388 1773 1524 1818 coacti

199 1848 392 1890 senatum
431 1846 641 1894 vocarent,
684 1839 996 1885 introeuntibus
1044 1841 1089 1884 in
1129 1840 1286 1884 curiam
1331 1838 1524 1896 patribus

199 1909 427 1953 laceratum
443 1906 610 1966 juvenis
631 1910 798 1963 tergum
826 1904 1149 1961 procumbentes
1178 1903 1231 1948 ad
1259 1902 1524 1960 singulorum

159 1973 326 2031 4pedes
367 1971 648 2016 ostentabant.
734 1970 908 2013 Victum
949 1984 998 2013 eo
1039 1968 1105 2013 die
1146 1968 1199 2013 ob
1246 1968 1524 2025 impotentem

200 2037 397 2094 injuriam
417 2037 542 2080 unius
564 2035 713 2093 ingens
741 2033 954 2078 vinculum
982 2032 1090 2088 fidei,
1106 2033 1302 2090 jussique
1331 2031 1523 2076 consules

201 2102 310 2146 ferre
341 2100 393 2144 ad
422 2100 635 2158 populum,
665 2114 718 2143 ne
751 2099 858 2157 quiS‚
888 2098 970 2142 nisi
1000 2098 1072 2156 qui
1102 2113 1252 2142 noxam
1282 2096 1521 2149 meruisset,

202 2165 333 2222 donec
353 2179 517 2225 poenam
537 2164 685 2221 lueret,
706 2164 750 2211 in
779 2162 1047 2223 compedibus
1077 2165 1150 2209 aut
1177 2163 1222 2209 in
1249 2175 1379 2210 nervo
1407 2163 1525 2213 tene-
