1649 2452
581 51 694 99 LIB.
729 52 806 97 lx.
834 55 899 100 41,
920 55 985 93 42.
1368 56 1444 97 591

117 108 160 143 Α.
175 108 214 139 c.
229 109 319 149 zoa]

115 151 371 199 sternuntur
400 145 570 196 hostes:
603 145 698 204 plus
729 146 894 204 capitur
920 146 1137 192 hominum
1167 161 1292 206 quam
1321 148 1445 194 caedi-

116 215 200 265 tur,
231 219 360 271 atque
389 225 475 259 una
500 225 584 256 vox
614 225 768 268 ponere
797 226 912 254 arma
933 210 1173 270 jubentium
1204 227 1280 268 per
1307 216 1442 256 totam

109 276 250 328 ,fertur
269 276 426 321 aciem:
458 274 602 333 itaque
624 275 736 318 inter
757 275 893 331 ipsum
916 279 1129 320 certamen
1150 275 1263 320 facta
1283 275 1441 321 deditio

114 343 181 389 est
202 355 227 384 a
246 337 656 402 primis'auctoribus
683 337 806 383 belli:
840 342 1010 396 postero
1037 339 1440 398 insequentibusque

107 404 256 455 diebus
287 408 330 449 et
358 402 501 453 caeteri
528 401 788 453 Umbrorum
817 403 965 461 populi
994 402 1231 454 deduntur:
1265 403 1439 450 Ocricu-

106 468 191 518 lani
211 468 439 526 sponsione
466 467 511 511 in
531 467 753 511 amicitiam
777 467 951 525 accepti,

165 532 320 583 Fabius
344 532 488 577 alienae
509 531 635 575 sortis
667 531 802 575 victor
832 531 929 576 belli
956 531 1000 576 in
1027 547 1146 576 suam
1177 532 1435 590 provinciam
1453 533 1557 587 (42)

108 597 342 642 exercitum
362 595 556 647 reduxit:
589 595 732 654 itaque
753 595 792 639 ei
812 595 865 639 ob
886 611 953 640 res
974 600 1061 640 tam
1082 595 1261 641 feliciter
1275 601 1432 653 gestas,

107 662 218 706 sicut
258 661 397 720 priore
438 675 547 705 anno
587 660 768 718 populus
799 660 1118 705 continuaverat
1155 661 1433 715 consulatum,

104 725 168 770 ita
187 730 360 775 senatus
380 725 426 770 in
445 725 736 782 insequentem
757 739 926 778 annum,
950 740 1032 783 quo
1053 727 1134 783 Ap.
1159 725 1360 770 Claudius
1382 726 1434 770 L.

104 789 360 834 Volumnius
388 789 581 834 consules
609 788 795 842 fuerunt,
820 789 1063 847 prorogavit
1091 790 1271 834 maxime
1299 791 1440 849 Appio

104 853 354 901 adversante
384 853 618 912 imperium.
681 853 870 912 Appium
901 869 1115 898 censorem
1147 855 1305 912 petisse
1341 861 1479 899 con-2

104 918 286 968 sulatum
328 918 578 976 comitiaque
619 917 710 975 ejus
750 916 802 961 ab
841 917 893 961 L.
925 917 1054 962 Furio
1094 917 1265 963 tribuno
1305 918 1438 977 plebis

104 983 383 1042 interpellata,
413 983 546 1029 donec
574 998 619 1031 se
648 997 827 1027 censura
854 982 1078 1034 abdicavit,
1109 983 1154 1027 in
1182 983 1435 1042 quibusdam

105 1048 324 1094 annalibus
354 1047 535 1094 invenio.
599 1047 783 1091 Creatus
815 1047 974 1100 consul,
1005 1063 1135 1106 quum
1164 1047 1333 1107 collegae
1361 1064 1437 1094 no·
1455 1058 1478 1095 3

103 1129 202 1159 vum
223 1112 379 1162 bellum
401 1111 606 1156 Salentini
626 1112 770 1156 hostes
792 1111 1132 1166 decernerentur,
1149 1112 1298 1158 Rcmae
1318 1128 1434 1158 man-

102 1177 159 1223 sit
179 1184 229 1222 ut
249 1176 422 1222 urbanis
442 1175 604 1222 artibus
634 1191 734 1234 opes
763 1179 951 1233 augeret,
976 1176 1144 1235 quando
1175 1176 1275 1225 belli
1305 1176 1434 1223 decus

102 1257 231 1300 penes
265 1241 367 1287 alios
403 1245 529 1291 esset,
589 1240 865 1285 Volumnium
900 1241 1124 1299 provinciae
1155 1241 1269 1286 haud
1300 1244 1475 1300 paeni-4

101 1307 214 1352 tuit:
243 1306 379 1353 multa
398 1305 583 1351 secunda
603 1305 748 1364 proelia
768 1305 882 1359 fecit,
907 1305 1068 1364 aliquot
1093 1305 1220 1351 urbes
1242 1307 1431 1353 hostium

100 1371 144 1420 vi
178 1372 315 1429 cepit:
348 1370 500 1430 praedae
531 1376 621 1414 erat
651 1369 827 1428 largitor
857 1374 901 1414 et
931 1369 1239 1429 benignitatem
1275 1387 1350 1429 per
1380 1388 1426 1417 se

101 1440 263 1493 gratam
293 1435 493 1481 comitate
521 1434 759 1493 adjuvabat,
789 1434 1048 1493 militemque
1079 1435 1144 1479 his
1176 1435 1338 1481 artibus
1370 1436 1429 1481 fe-

100 1505 216 1550 cerat
256 1503 300 1544 et
340 1499 518 1557 periculi
557 1504 600 1544 et
640 1498 794 1543 laboris
835 1498 1016 1544 avidum.
1077 1500 1132 1548 Q..
1155 1499 1311 1549 Fabius
1352 1508 1467 1559 pro5

99 1564 270 1610 consule
291 1563 345 1609 ad
365 1563 511 1608 urbem
534 1563 683 1608 Allifas
713 1578 809 1607 cum
841 1563 1092 1609 Samnitium
1122 1565 1312 1610 exercitu
1340 1566 1426 1624 sig-

98 1630 164 1683 nis
205 1628 368 1679 collatis
409 1628 625 1686 confligit:
661 1627 831 1672 minime
873 1627 1070 1686 ambigua
1107 1644 1175 1673 res
1210 1629 1305 1682 fuit,
1342 1629 1427 1675 fusi

97 1694 242 1739 hostes
282 1699 409 1752 atque
448 1693 494 1737 in
533 1696 673 1737 castra
711 1691 941 1750 compulsi:
988 1707 1066 1737 nec
1107 1697 1246 1738 castra
1284 1693 1424 1739 forent

96 1762 264 1804 retenta
282 1758 328 1802 ni
343 1758 544 1816 exiguum
566 1756 843 1816 superfuisset
865 1756 959 1811 diei,
976 1761 1073 1803 ante
1093 1765 1261 1802 noctem
1281 1763 1424 1804 tamen

97 1827 197 1874 sunt
218 1822 493 1869 circumsessa
513 1826 556 1866 et
577 1826 701 1866 nocte
722 1819 935 1866 custodita
954 1836 1007 1865 ne
1024 1821 1117 1880 quis
1138 1821 1247 1867 elabi
1266 1827 1421 1880 posset.

96 1888 275 1937 Postero
307 1886 373 1931 die
405 1886 575 1933 vixdum
609 1885 702 1930 luce
737 1890 853 1930 certa
885 1884 1044 1930 deditio
1079 1885 1170 1930 fieri
1205 1891 1343 1944 coepta
1376 1891 1461 1933 et6

94 1951 220 2009 pacti,
239 1951 312 2013 qui
333 1951 587 1998 Samnitium
608 1950 747 1994 forent
768 1953 817 1993 ut
839 1964 936 1994 cum
957 1950 1134 2007 singulis
1154 1951 1419 2000 vestimentis

95 2016 416 2062 emitterentur:
448 2015 478 2060 ii
509 2029 654 2060 omnes
685 2013 763 2058 sub
787 2017 942 2072 jugum
974 2015 1115 2059 missi:
1148 2015 1272 2060 sociis
1304 2016 1418 2061 Sam-

95 2079 249 2131 nitium
277 2079 384 2124 nihil
413 2085 597 2132 cautum,
628 2078 682 2123 ad
711 2085 873 2136 septem
903 2078 1032 2129 millia
1060 2078 1140 2125 sub
1170 2094 1324 2125 corona
1349 2096 1418 2126 ve·

94 2144 233 2197 niere:
266 2144 340 2202 qui
359 2160 404 2190 se
432 2145 564 2197 civem
595 2144 830 2190 Hernicum
861 2142 1036 2197 dixerat,
1059 2158 1227 2195 seorsus
1253 2144 1298 2196 in
1324 2160 1416 2191 cus·

95 2207 212 2273 todia
239 2207 435 2266 habitus:
467 2223 540 2265 eos
570 2223 714 2265 omnes
745 2206 903 2267 Fabius
932 2208 1113 2267 Romam
1140 2207 1194 2270 ad
1221 2215 1414 2273 senatum
