1649 2452
573 82 682 122 LIB.
715 82 765 121 X.
789 85 854 129 28,
876 85 938 122 29.
1348 88 1424 129 637

103 136 145 167 Α.
161 135 197 167 c.
215 134 309 176 295.]

100 178 272 221 sinistro
292 190 424 221 cornu
455 176 741 221 Romanorum
769 176 942 221 fortuna
962 177 1208 223 variaverat.
1270 177 1424 224 Fabius
1439 191 1462 227 4

99 241 145 285 i‘n
164 240 314 286 dextro
334 240 481 298 primo,
504 244 553 284 ut
581 244 679 285 ante
707 240 868 286 dictum
888 244 969 296 est,
990 242 1227 287 cunctando
1259 247 1424 288 extrax-

98 309 190 350 erat
229 304 352 360 diem,
382 304 500 359 dein,
537 309 760 363 postquam
799 320 878 350 nec
919 306 1076 351 clamor
1115 307 1303 352 hostium
1344 324 1423 353 nec

97 369 280 427 impetus
310 384 388 414 nec
417 369 503 413 tela
531 369 660 414 missa
689 369 863 414 eandem
890 371 976 414 vim
1005 370 1160 416 habere
1189 372 1289 427 visa,
1320 388 1425 428 prae-

96 433 221 478 fectis
241 434 432 492 equitum
455 433 585 492 jussis
607 433 660 478 ad
687 433 798 478 latus
828 434 1082 479 Samnitium
1110 436 1422 481 circumducere

96 497 195 551 alas,
219 501 268 542 ut
289 498 411 556 signo
441 498 541 542 dato
568 498 612 542 in
644 505 905 543 transversos
928 503 1088 557 quanto
1118 500 1300 544 maximo
1327 516 1423 558 pos-

95 566 192 607 sent
212 562 375 621 impetu
394 562 668 616 incurrerent,
688 563 842 608 sensim
864 579 963 608 suos
982 564 1103 623 signa
1122 564 1276 609 inferre
1292 565 1422 623 jussit

95 629 434 672 et·commovere
463 626 656 672 hostem:
689 632 913 686 postquam
944 643 1030 672 non
1059 629 1201 674 resisti
1231 629 1338 673 vidit
1378 634 1421 674 et

93 690 209 735 haud
238 691 407 736 dubiam
437 691 727 736 lassitudinem
756 707 861 745 esse,
887 695 980 736 tum
1012 692 1199 738 collectis
1227 694 1420 739 omnibus

92 755 304 809 subsidiis,
338 771 430 814 quae
460 756 513 800 ad
541 755 586 800 id
615 760 783 814 tempus
814 760 1115 810 reservaverat,
1149 761 1193 802 et
1233 757 1420 816 legiones

92 821 319 865 concitavit
355 824 399 864 et
439 820 608 878 signum
643 820 696 864 ad
730 819 986 865 invadendos
1021 821 1169 866 hostes
1206 822 1419 880 equitibus

91 883 221 929 dedit.
284 885 377 930 Nec
398 885 692 929 sustinuerunt
715 884 926 929 Samnites
954 885 1160 942 impetum
1182 890 1419 946 praeterque
1433 903 1455 939 5

90 949 222 994 aciem
248 949 382 1007 ipsam
415 949 630 994 Gallorum
658 949 815 993 relictis
847 949 892 993 in
918 949 1186 994 dimicatione
1214 951 1338 995 sociis
1367 951 1419 996 ad

89 1017 230 1059 castra
264 1015 400 1058 effuso
436 1029 564 1058 cursu
604 1013 876 1058 ferebantur:
910 1013 1020 1058 Galli
1055 1014 1270 1060 testudine
1306 1015 1419 1060 facta

88 1077 270 1122 conferti
308 1077 506 1123 stabant:
548 1081 641 1122 tum
681 1077 837 1122 Fabius
886 1078 1031 1122 audita
1071 1083 1208 1123 morte
1248 1079 1417 1138 collega:

89 1142 397 1215 Campanorum
419 1142 842 1201 alam—quingentos
871 1142 958 1187 fere
989 1143 1416 1201 equites—excedere

87 1207 176 1252 acie
201 1207 325 1266 jubet
355 1211 399 1252 et
427 1206 730 1252 circumvectos
762 1206 813 1251 ab
842 1210 965 1265 tergo
988 1207 1190 1252 Gallicam
1220 1208 1416 1254 invadere

87 1271 230 1326 aciem,
251 1271 388 1316 tertiae
416 1270 565 1315 deinde
593 1270 769 1329 legionis
791 1270 991 1328 subsequi
1022 1271 1232 1329 principes
1255 1276 1312 1328 et,
1335 1288 1416 1331 qua

85 1335 307 1380 turbatum
339 1351 490 1394 agmen
516 1335 701 1380 hostium
722 1334 914 1379 viderent
942 1335 1102 1392 impetu
1129 1336 1333 1394 equitum,
1356 1337 1416 1381 in-

87 1405 200 1445 stare
229 1415 277 1445 ac
304 1399 476 1444 territos
504 1399 690 1445 caedere:
723 1399 814 1457 ipse
845 1398 977 1443 aedem
1006 1399 1104 1444 Jovi
1124 1401 1293 1446 Victori
1320 1417 1415 1459 spo-

85 1463 224 1523 liaque
244 1464 430 1509 hostium
452 1479 581 1522 quum
602 1464 800 1518 vovisset,
814 1463 868 1507 ad
888 1468 1027 1508 castra
1049 1464 1299 1510 Samnitium
1321 1483 1415 1525 per-

86 1530 210 1584 rexit,
232 1543 316 1587 quo
341 1527 570 1572 multitudo
590 1528 726 1572 omnis
747 1532 1018 1573 consternata
1045 1529 1262 1587 agebatur.
1326 1532 1412 1578 Sub
1428 1549 1450 1586 6

85 1595 179 1652 ipso
208 1593 329 1647 vallo,
360 1594 459 1651 quia
487 1597 649 1637 tantam
681 1592 996 1637 multitudinem
1026 1598 1160 1649 portae
1188 1610 1274 1639 non
1302 1611 1412 1642 rece-

85 1675 198 1718 pere,
231 1663 441 1718 temptata
470 1658 522 1703 ab
553 1658 734 1703 exclusis
775 1658 901 1703 turba
930 1673 1103 1703 suorum
1138 1675 1282 1718 pugna
1316 1666 1412 1708 est:

84 1724 145 1770 ibi
166 1724 326 1769 Gellius
345 1723 559 1782 Egnatius
579 1723 808 1782 imperator
825 1723 1076 1767 Samnitium
1093 1724 1244 1770 cecidit
1262 1742 1271 1770 :
1303 1741 1411 1771 com·

85 1789 197 1848 pulsi
218 1788 368 1834 deinde
388 1789 501 1832 intra
520 1787 676 1832 vallum
705 1787 913 1832 Samnites
941 1803 1155 1846 parvoque
1183 1791 1410 1836 certamine

82 1858 208 1912 capta
237 1855 377 1911 caQra
407 1856 451 1897 et
483 1852 592 1897 Galli
623 1851 675 1896 ab
705 1856 828 1911 tergo
859 1852 1146 1897 circumventi.
1209 1855 1330 1899 Caesa
1359 1863 1444 1903 eo7

83 1918 151 1964 die
183 1918 370 1963 hostium
403 1917 555 1975 viginti
591 1917 775 1975 quinque
811 1917 951 1970 millia,
986 1922 1083 1962 octo
1118 1924 1253 1976 capta.
1316 1920 1409 1966 Nec

81 1983 304 2029 incruenta
330 1982 508 2027 victoria
538 1982 632 2036 suit,
654 1997 747 2025 nam
781 1997 834 2026 ex
861 1982 910 2026 P.
933 1982 1055 2026 Decii
1085 1984 1274 2028 exercitu
1302 1999 1409 2030 caesa

82 2051 245 2106 septem
275 2046 417 2101 millia,
449 2061 502 2090 ex
532 2045 652 2090 Fabii
683 2046 795 2090 mille
826 2046 1097 2105 septingenti.
1158 2047 1315 2093 Fabius
1346 2049 1444 2104 di-3

80 2112 221 2158 missis
256 2111 306 2156 ad
341 2110 613 2171 quaerendum
648 2110 819 2170 collegoe
859 2125 1011 2169 corpus
1047 2111 1182 2169 spolia
1220 2113 1403 2158 hostium

80 2177 272 2236 conjecta
310 2177 356 2222 in
395 2191 592 2221 acervum
622 2175 722 2220 Jovi
756 2175 922 2221 Victori
961 2177 1188 2222 cremavit:
1222 2178 1405 2222 consulis

80 2256 236 2302 corpus
276 2257 327 2289 eo
368 2240 450 2296 die,
492 2240 592 2300 quia
630 2240 832 2287 obrutum
876 2241 1150 2300 superstratis
1191 2242 1405 2290 Gallorum
