1649 2452
551 104 664 145 LIB.
697 105 771 145 IX.
804 107 867 152 29,
889 106 949 144 30.
1318 104 1396 144 573

75 159 527 260 ssfilfnfffi'ieformatum
547 199 736 244 ordinem
757 214 888 257 prava
906 199 1086 244 lectione
1107 200 1293 250 senatuS‚
1317 212 1400 255 qua

76 265 265 323 potiores
287 265 446 323 aliquot
466 265 587 309 lectis
614 265 820 322 praeteriti
848 267 1002 318 essent,
1023 266 1285 321 negaverunt
1306 277 1396 306 eam

76 329 299 374 lectionem
332 344 390 382 se,
429 345 522 387 quae
563 329 653 373 sine
689 330 795 374 recti
829 330 1030 387 pravique
1065 328 1305 372 discrimine
1345 327 1398 371 ad

73 395 255 452 gratiam
287 409 336 439 ac
356 393 570 438 libidinem
599 393 712 438 facta
738 398 863 446 esset,
887 393 1197 447 observaturos,
1219 395 1262 436 et
1284 407 1399 436 sena-

74 464 168 503 tum
199 458 412 516 extemplo
445 458 684 502 citaverunt
715 473 764 502 eo
795 458 941 502 ordine
972 457 1044 516 qui
1075 461 1173 502 ante
1204 471 1398 501 censores

72 523 185 580 App.
208 521 431 567 Claudium
452 526 496 566 et
518 522 567 566 C.
589 522 805 566 Plautium
828 522 980 566 fuerat.
1041 521 1100 567 Et
1121 520 1204 565 duo
1226 521 1401 578 imperia
1415 533 1437 568 2

73 601 124 632 eo
145 601 256 631 anno
277 586 368 631 dari
389 591 526 645 coepta
546 602 621 645 per
640 586 842 645 populum
862 591 1044 644 utraque
1070 586 1327 645 pertinentia
1347 585 1400 629 ad

72 666 164 696 rem
191 651 428 704 militarem,
458 667 590 696 unum
621 658 670 696 ut
700 651 861 696 tribuni
891 651 1073 696 militum
1104 651 1196 696 seni
1225 649 1322 694 deni
1351 650 1395 695 in

72 718 276 775 quattuor
306 715 495 775 legiones
525 732 550 760 a
569 716 725 774 populo
753 720 1011 769 crearentur,
1033 731 1125 774 quae
1154 724 1279 759 antea
1307 730 1401 772 per-

79 795 205 839 quam
227 781 371 839 paucis
393 780 593 837 suffragio
614 780 758 838 populi
778 780 936 825 relictis
957 781 1059 825 locis
1082 780 1335 825 dictatorum
1357 782 1401 824 et

82 845 304 891 consulum
324 846 455 890 ferme
483 847 652 890 fuerant
680 845 904 890 beneficia:
936 846 1073 890 tulere
1101 861 1193 891 eam
1221 845 1402 904 rogatio·

70 926 170 956 nem
197 911 360 956 tribuni
388 910 524 969 plebei
553 910 606 955 L.
628 910 787 954 Atilius
817 911 864 955 C.
889 911 1108 955 Marcius:
1140 910 1322 954 alterum
1351 912 1401 954 ut

70 975 316 1021 duumviros
345 975 513 1020 navales
542 975 685 1020 classis
707 975 903 1020 ornandae
931 974 1247 1033 reficiendaeque
1276 990 1401 1019 causa

67 1039 179 1085 idem
205 1039 386 1099 populus
409 1039 604 1098 juberet:
637 1039 746 1084 lator
776 1040 903 1097 hujus
935 1040 1067 1098 plebis
1099 1041 1196 1085 sciti
1224 1039 1306 1084 fuit
1336 1039 1400 1084 M.

67 1105 226 1151 Decius
254 1105 450 1150 tribunus
480 1104 894 1163 plebis—Ejusdem
921 1107 1021 1150 anni
1049 1121 1137 1149 rem
1166 1104 1284 1149 dictu
1304 1116 1437 1162 par-3

66 1185 163 1214 vam
190 1169 447 1226 praeterirem
474 1169 519 1213 ni
551 1169 603 1213 ad
632 1169 878 1228 religionem
907 1170 998 1214 visa
1028 1173 1142 1214 esset
1172 1169 1396 1227 pertinere.

66 1233 289 1288 Tibicines,
313 1235 412 1293 quia
431 1233 633 1292 prohibiti
659 1249 684 1278 a
703 1234 907 1292 proximis
935 1234 1179 1279 censoribus
1207 1237 1327 1279 erant
1354 1234 1399 1278 in

67 1299 156 1344 aede
185 1299 304 1343 Jovis
339 1299 464 1352 vesci,
498 1298 612 1356 quod
646 1298 852 1343 traditum
885 1299 1121 1357 antiquitus
1153 1303 1256 1353 erat,
1287 1314 1399 1357 aegre

66 1363 180 1422 passi
199 1363 331 1408 Tibur
351 1378 436 1408 uno
465 1363 630 1422 agmine
653 1363 860 1416 abierunt,
886 1363 989 1408 adeo
1017 1367 1066 1408 ut
1087 1378 1210 1408 nemo
1231 1364 1275 1407 in
1294 1363 1399 1407 urbe

67 1431 180 1473 esset
201 1428 274 1486 qui
301 1428 513 1472 sacrificiis
541 1428 802 1486 praeciueret.
864 1427 969 1485 Ejus
1001 1428 1063 1473 rei
1083 1428 1230 1485 religio
1258 1427 1398 1472 tenuit
1414 1436 1439 1471 4

66 1498 260 1537 senatum
287 1492 533 1551 legatosque
560 1492 692 1537 Tibur
719 1494 941 1546 miserunt,
971 1495 1021 1537 ut
1050 1493 1198 1537 darent
1229 1507 1398 1550 operam

65 1561 116 1601 ut
150 1557 195 1601 hi
226 1557 414 1601 homines
446 1557 651 1602 Romanis
682 1558 1024 1603 restituerentur.
1086 1556 1299 1602 Tiburtini
1329 1557 1437 1608 be-5

65 1622 193 1680 nigne
233 1621 409 1680 polliciti
443 1621 624 1679 primum
660 1622 818 1667 accitos
855 1638 926 1667 eos
962 1623 1007 1666 in
1042 1623 1200 1667 curiam
1237 1622 1397 1667 hortati

67 1689 168 1731 sunt
195 1686 261 1731 uti
288 1689 602 1731 reverterentur
632 1687 838 1731 Romam:
871 1691 1092 1745 postquam
1124 1686 1298 1745 perpelli
1325 1702 1395 1731 ne·

66 1751 255 1809 quibant,
278 1751 451 1796 consilio
479 1750 593 1795 haud
618 1751 869 1796 abhorrente
898 1751 950 1796 ab
978 1751 1158 1810 ingeniis
1179 1751 1396 1795 hominum

65 1831 137 1860 eos
177 1815 494 1875 adgrediuntur.
571 1816 653 1861 Die
693 1816 804 1861 festo
846 1816 916 1861 alii
956 1816 1057 1861 alios
1098 1831 1174 1874 per
1213 1816 1394 1874 speciem
1413 1830 1436 1868 6

66 1880 407 1926 celebrandarum
439 1883 568 1925 cantu
597 1881 816 1939 epularum
847 1896 973 1926 causa
1000 1881 1182 1925 invitant
1210 1885 1253 1925 et
1281 1881 1392 1933 vino,

65 1948 187 2002 cujus
208 1945 377 1990 avidum
405 1945 536 1990 ferme
564 1961 698 2003 genus
728 1950 807 1998 est,
831 1949 1026 1990 oneratos
1054 1946 1238 2003 sopiunt,
1268 1948 1395 2004 atque

65 2011 123 2056 ita
164 2009 208 2054 in
248 2009 439 2068 plaustra
477 2025 625 2054 somno
661 2010 824 2054 vinctos
857 2010 1085 2068 conjiciunt
1126 2025 1174 2055 ac
1215 2010 1393 2054 Romam

66 2073 316 2132 deportant:
346 2089 425 2120 nec
466 2075 581 2133 prius
618 2090 785 2120 sensere
822 2090 946 2133 quam
983 2074 1182 2132 plaustris
1218 2075 1262 2119 in
1301 2075 1393 2119 foro

65 2138 224 2184 relictis
257 2138 403 2197 plenos
439 2139 619 2198 crapulae
652 2155 724 2184 eos
760 2139 834 2184 lux
863 2140 1085 2198 oppressit.
1145 2140 1264 2185 Tunc
1295 2154 1431 2195 con-7

67 2217 216 2248 cursus
243 2203 388 2262 populi
414 2203 566 2260 factus,
594 2205 903 2263 impetratoque
930 2208 980 2249 ut
1001 2209 1218 2250 manerent
1246 2204 1393 2248 datum

65 2267 327 2314 ath-idum
346 2270 571 2318 quotannis
600 2269 739 2316 ornati
758 2284 855 2316 cum
884 2273 1013 2316 cantu
1043 2273 1170 2329 atque
1190 2269 1270 2315 hac
1299 2284 1393 2328 quae
