1649 2452
250 155 330 193 414
572 152 619 191 T.
649 150 800 191 LIVII
830 151 1252 193 HISTORIARUM

252 245 442 292 addictos
469 245 568 292 duci
597 247 641 292 et
667 244 821 303 repleri
845 246 997 292 vinetis
1027 246 1188 292 nobiles
1218 202 1565 301 domust‘la'tfzissik-

253 327 432 370 cumque
452 311 652 369 patricius
680 310 853 366 habitet,
874 310 933 356 ibi
963 326 1171 356 carcerem
1199 311 1408 368 privatum
1439 310 1565 354 esse?

135 375 238 428 (37)
255 377 360 421 Haec
380 375 553 434 indigna
572 372 887 432 miserandaque
919 373 1069 420 auditu
1089 391 1219 433 quum
1240 374 1351 433 apud
1370 374 1568 419 timentes

254 440 421 486 sibimet
441 440 555 498 ipsos
576 440 733 496 majore
754 438 1013 484 audientium
1041 440 1328 499 indignatione
1349 454 1474 496 quam
1494 453 1571 483 sua

254 503 573 562 increpuissent,
607 502 724 561 atqui
752 518 830 548 nec
861 519 983 562 agros
1023 503 1255 562 occupandi
1284 504 1454 547 modum
1493 517 1571 547 1100

255 569 400 613 fenore
429 566 667 613 trucidandi
694 567 857 625 plebem
885 567 1012 612 alium
1040 568 1228 626 patribus
1257 583 1455 626 umquam
1483 566 1572 612 fore
1628 573 1632 583 '

257 632 543 685 adfirmabant,
574 631 654 676 nisi
681 631 860 676 alterum
888 647 941 676 ex
967 631 1088 689 plebe
1116 632 1328 677 consulem
1355 631 1569 677 custodem

258 713 345 743 suae
379 696 587 742 libertatis
617 695 759 754 plebes
790 696 987 741 fecisset:
1020 697 1231 741 contemni
1256 700 1346 754 J‘am
1380 697 1573 741 tribunos

257 761 381 820 plebi,
403 761 556 820 quippe
578 776 670 819 quae
691 763 878 818 potestas
897 761 984 819 jam
1005 777 1122 805 suam
1143 762 1276 819 ipsam
1297 761 1383 806 vim
1406 761 1574 819 frangat

258 825 579 871 intercedendo:
612 841 697 869 non
724 839 847 883 posse
875 841 993 883 aequo
1017 829 1116 883 jure
1144 826 1224 883 agi,
1254 825 1327 870 ubi
1356 825 1576 883 imperium

259 906 387 949 penes
408 890 513 945 11105,
535 905 663 947 penes
695 905 740 934 se
762 889 962 934 auxilium
990 893 1157 934 tantum
1179 891 1234 935 sit
1253 910 1262 934 :
1295 890 1377 934 nisi
1402 889 1576 948 imperio

261 954 567 1000 communicato
599 969 825 1012 numquam
853 954 1017 1011 plebem
1047 955 1091 999 in
1120 958 1240 1012 parte
1267 955 1358 1012 pari
1385 954 1446 998 rei
1473 953 1578 1012 pub-

222 1019 351 1065 2lieae
391 1019 493 1063 fore.
555 1018 652 1063 Nec
692 1034 783 1063 esse
824 1018 936 1076 quod
976 1019 1195 1077 quisquam
1230 1019 1334 1064 satis
1374 1022 1509 1076 putet,
1543 1018 1578 1062 si

261 1083 520 1142 plebeiorum
549 1082 658 1126 ratio
689 1082 870 1127 comitiis
901 1083 1189 1128 consularibus
1220 1083 1451 1128 habeatur:
1498 1081 1579 1126 nisi

264 1148 442 1192 alterum
483 1146 697 1192 consulem
736 1147 884 1205 utique
924 1163 977 1192 ex
1015 1147 1136 1206 plebe
1175 1148 1266 1192 fieri
1303 1162 1474 1193 necesse
1509 1146 1577 1199 sit,

223 1219 246 1256 3
264 1211 473 1257 neminem
511 1212 615 1256 fore.
676 1212 747 1256 An
781 1211 869 1268 jam
909 1212 1108 1256 memoria
1147 1212 1295 1266 exisse,
1337 1227 1465 1270 quum
1505 1211 1581 1255 tri-

264 1277 399 1322 bunos
441 1275 623 1320 militum
669 1275 824 1320 idcirco
865 1277 1006 1334 potius
1048 1291 1171 1334 quam
1212 1276 1404 1321 consules
1451 1291 1582 1320 creari

265 1340 505 1399 placuisset,
528 1342 578 1383 ut
606 1341 649 1384 et
676 1339 848 1397 plebeiis
877 1343 1041 1398 pateret
1071 1356 1260 1384 summus
1287 1340 1432 1392 honos,
1463 1343 1583 1398 quat-

265 1408 364 1450 tuor
403 1406 447 1449 et
490 1403 767 1463 quadraginta
801 1405 919 1449 annis
954 1405 1163 1450 neminem
1204 1420 1256 1449 ex
1295 1404 1415 1462 plebe
1450 1403 1581 1448 tribu-

265 1485 368 1515 num
409 1467 591 1513 militum
631 1471 819 1513 creatum
850 1470 973 1514 esse?
1016 1469 1087 1527 qui
1117 1469 1336 1514 crederent
1367 1467 1584 1513 duobusne

266 1534 312 1579 in
353 1533 455 1579 locis
506 1550 583 1578 sua
621 1534 839 1579 voluntate
879 1534 1168 1592 impertituros
1216 1533 1326 1591 plebi
1371 1533 1584 1588 honorem,

268 1598 340 1657 qui
361 1601 513 1643 octona
536 1598 628 1643 loca
654 1597 836 1643 tribunis
863 1599 1043 1643 militum
1073 1598 1261 1643 creandis
1290 1613 1493 1655 occupare
1521 1613 1586 1641 so-

267 1662 335 1708 liti
368 1662 466 1718 sint,
502 1667 545 1707 et
586 1662 638 1708 ad
679 1663 942 1708 consulatum
984 1664 1092 1707 viam
1135 1663 1224 1708 fieri
1263 1677 1477 1720 passuros,
1514 1663 1586 1719 qui

267 1727 532 1772 tribunatum
563 1730 742 1786 saeptum
772 1731 860 1772 tam
889 1727 961 1772 diu
990 1727 1246 1772 habuerint?
1277 1727 1369 1785 lege
1397 1726 1587 1771 obtinen-

270 1791 371 1837 dum
399 1808 491 1837 esse
519 1791 631 1850 quod
656 1792 835 1837 comitiis
867 1808 942 1850 per
972 1793 1152 1852 gratiam
1180 1795 1373 1850 nequeat,
1397 1795 1441 1836 et
1469 1807 1588 1850 sepo-
1648 1796 1649 1804 ¹

269 1855 455 1901 nendum
482 1861 604 1901 extra
633 1860 847 1902 certamen
877 1857 1055 1902 alterum
1086 1856 1348 1901 consulatum
1381 1855 1433 1900 ad
1465 1871 1587 1915 quem

271 1921 383 1978 plebi
403 1921 460 1966 sit
481 1921 635 1977 aditus,
651 1921 845 1977 quoniam
867 1921 912 1966 in
933 1921 1159 1966 certamine
1180 1920 1351 1965 relictus
1373 1921 1588 1978 praemium

231 1995 257 2032 4
274 2001 438 2043 semper
459 1986 709 2043 potentioris
730 1985 903 2030 futurus
931 1987 999 2031 sit.
1060 1986 1185 2030 Nec'
1171 2001 1257 2058 jam
1285 2001 1408 2043 posse
1437 1984 1520 2030 dici
1547 1984 1589 2029 id

274 2045 387 2108 quod
411 2053 535 2095 antea
549 2054 714 2108 jactare
742 2050 857 2095 soliti
884 2050 982 2102 sint,
1004 2065 1088 2094 non
1118 2065 1209 2094 esse
1230 2050 1275 2094 in
1302 2049 1474 2107 plebeiis
1502 2048 1591 2094 ido-

274 2129 375 2159 neos
403 2114 514 2159 viros
544 2114 596 2159 ad
623 2115 788 2160 curules
816 2115 1113 2174 magistiwatus
1147 2130 1247 2158 num
1280 2114 1352 2172 qui
1381 2114 1491 2158 enim
1525 2129 1590 2158 so·

276 2177 442 2224 cordius
476 2182 549 2223 aut
584 2181 756 2238 segnius
796 2195 881 2225 rem
925 2178 1131 2237 publicam
1174 2178 1455 2223 administrari
1495 2182 1592 2236 post

275 2243 416 2288 Publii
446 2243 599 2289 Licinii
631 2245 748 2289 Calvi
783 2243 1057 2298 tribunatum,
1088 2244 1161 2301 qui
1196 2244 1355 2301 primus
1385 2259 1438 2288 ex
1473 2243 1592 2301 plebe

276 2312 442 2356 creatus
463 2309 532 2365 sit,
556 2324 680 2368 quam
701 2325 775 2368 per
796 2325 867 2356 cos
889 2324 1018 2356 almos
1039 2316 1162 2368 gesta
1182 2310 1252 2364 sit,
1269 2308 1420 2368 quibus
1441 2312 1590 2368 practer
