1649 2452
220 122 299 160 418
539 121 584 161 T.
616 121 765 160 LIVII
795 121 1217 163 HISTORIARUM

221 213 357 273 ipsam
376 215 540 274 plebem
567 217 612 260 et
631 215 850 261 commoda
874 216 1029 262 morari
1055 232 1157 262 sua:
1189 175 1541 262 liberariiA⁵ussb3<i⁵1ii

223 294 272 324 ac
294 279 430 324 forum
461 297 485 324 a
512 280 802 334 creditoribus,
825 281 978 326 liberos
1007 297 1130 341 agros
1162 281 1213 326 ab
1243 281 1414 340 injustis
1446 297 1542 339 pos-

187 345 460 393 7sessoribus
491 345 701 403 extemplo
734 345 769 388 si
796 345 898 390 velit
927 346 1081 391 habere
1111 362 1248 405 posse.
1311 346 1420 394 Quae
1451 362 1544 391 mu-

225 424 327 453 nera
348 409 513 468 quando
535 410 705 454 tandem
736 409 839 454 satis
866 414 990 468 grato
1021 411 1159 455 animo
1189 410 1484 464 aestimaturos,
1508 410 1545 455 si

223 473 336 518 inter
372 473 633 531 accipiendas
671 473 722 517 de
758 474 845 518 suis
879 475 1107 519 commodis
1149 475 1390 534 rogationes
1427 490 1543 532 spem

225 537 397 582 honoris
427 538 631 583 latoribus
663 553 805 582 earum
835 538 1054 584 incidant?
1085 555 1171 583 non
1203 554 1295 584 esse
1325 538 1543 584 modestiae

225 603 368 675 populi
397 603 579 647 Romani
605 602 649 646 id
678 602 904 660 postulare,
934 607 985 647 ut
1010 603 1101 661 ipse
1131 604 1276 648 fenore
1306 603 1471 648 levetur
1501 607 1545 648 et

222 667 268 711 in
307 682 453 725 agrum
489 667 643 725 injuria
677 682 918 724 possessum
953 683 978 711 a
1016 667 1261 725 potentibus
1302 667 1540 722 inducatur,

226 746 301 788 per
323 747 428 787 quos
450 747 499 776 ea
518 735 806 788 consequutus
828 732 896 788 sit,
919 747 1039 776 senes
1067 732 1315 776 tribunicios
1342 747 1428 775 non
1456 731 1546 776 sinc

223 796 382 840 honore
418 799 585 840 tantum
617 795 691 840 sed
727 796 854 841 etiam
890 797 979 841 sine
1011 812 1085 855 spe
1121 796 1291 841 honoris
1321 796 1545 855 relinquat.

188 866 210 901 8
225 860 408 905 Proinde
434 861 516 918 ipsi
542 861 725 918 primum
747 864 984 906 statuerent
1007 861 1117 920 apud
1146 862 1318 916 animos,
1341 860 1443 918 quid
1462 860 1546 906 vel-

224 924 325 978 lent,
350 924 499 969 deinde
522 925 702 969 comitiis
722 925 959 970 tribuniciis
986 925 1246 970 declararent
1266 925 1545 970 voluntatem.

189 996 212 1033 9
227 989 271 1033 Si
293 989 517 1048 conjuncte
537 989 648 1034 ferre
669 989 720 1034 ab
742 1005 786 1035 se
808 990 1094 1049 promulgatas
1116 990 1357 1049 rogationes
1379 989 1548 1043 vellent,

226 1069 318 1098 esse
341 1054 455 1112 quod
478 1053 646 1098 eosdem
667 1054 888 1099 reficerent
917 1055 1114 1100 tribunos
1143 1055 1289 1113 plebis,
1312 1054 1548 1113 perlaturos

227 1117 337 1162 enim
369 1134 463 1174 quae
493 1118 878 1177 promulgaverint:
911 1120 988 1173 sin,
1023 1119 1136 1178 quod
1166 1120 1317 1178 cuique
1353 1118 1549 1177 privatim

228 1198 334 1240 opus
365 1183 434 1236 sit,
467 1182 512 1227 id
541 1183 665 1228 modo
696 1184 829 1242 accipi
858 1184 1002 1237 velint,
1037 1199 1142 1242 opus
1180 1199 1272 1229 esse
1307 1183 1412 1228 nihil
1447 1183 1550 1228 invi-

231 1247 348 1292 diosa
383 1248 698 1293 continuatione
739 1249 933 1293 honoris:
971 1264 1049 1293 nec
1090 1265 1135 1294 se
1170 1249 1434 1293 tribunatum
1473 1263 1551 1293 nec

111 1311 217 1365 (40)
232 1312 323 1357 illos
346 1328 394 1357 eo
417 1328 509 1370 quae
524 1313 791 1372 promulgata
814 1313 899 1358 sint
925 1313 1156 1358 habituros.
1220 1313 1436 1358 Adversus
1463 1315 1552 1357 tam

231 1377 487 1421 obstinatam
508 1378 741 1422 orationem
761 1378 1029 1423 tribunorum
1046 1394 1176 1436 quum
1197 1394 1283 1436 prae
1299 1377 1552 1436 indignitate

231 1458 371 1486 rerum
396 1446 545 1500 stupor
573 1443 870 1501 silentiumque
896 1442 994 1487 inde
1026 1448 1199 1487 coeteros
1227 1414 1414 1501 patmmo
1424 1441 1552 1486 defix-

231 1507 346 1562 isset,
369 1511 447 1564 Ap.
467 1507 669 1552 Claudius
693 1509 866 1552 Crassus
887 1523 1018 1565 nepos
1036 1507 1260 1552 decemviri
1281 1507 1436 1552 dicitur
1456 1506 1553 1551 odio

232 1572 365 1629 magis
386 1572 531 1645 iraque
553 1587 677 1630 quam
699 1588 772 1630 spe
795 1572 846 1617 ad
875 1572 1202 1617 dissuadendum
1231 1572 1482 1630 processisse
1510 1575 1554 1616 et

233 1637 467 1695 loquutus
455 1652 500 1681 111
519 1636 627 1681 hanc
647 1637 736 1682 fere
757 1639 1011 1682 sententiam
1034 1653 1151 1682 esse:
1187 1637 1378 1695 “Neque
1398 1651 1555 1680 novum

234 1717 370 1760 neque
409 1701 670 1759 inopinatum
706 1702 809 1746 mihi
844 1703 912 1757 sit,
950 1702 1154 1757 Quirites,
1192 1702 1239 1755 si,
1278 1700 1390 1760 quod
1424 1717 1556 1745 unum

235 1766 400 1811 familiae
431 1769 588 1812 nostrae
619 1782 783 1824 semper
813 1767 1026 1826 objectum
1058 1774 1123 1812 est
1154 1767 1205 1812 ab
1237 1766 1446 1811 seditiosis
1481 1766 1557 1811 tri-

234 1831 371 1886 bunis,
398 1830 443 1875 id
468 1846 582 1876 nunc
609 1846 688 1890 ego
720 1846 887 1890 quoque
918 1832 1096 1887 audiam,
1120 1831 1306 1876 Claudiae
1334 1831 1451 1889 genti
1469 1830 1558 1889 jam

234 1895 331 1940 inde
367 1895 418 1940 ab
458 1895 579 1940 initio
619 1896 725 1941 nihil
759 1897 973 1955 antiquius
1014 1897 1059 1941 in
1097 1911 1144 1941 re
1182 1895 1350 1954 publica
1388 1899 1558 1954 patrum

234 1963 456 2018 majestate
490 1961 634 2015 fuisse,
673 1977 838 2019 semper
870 1961 1004 2019 plebis
1046 1960 1273 2006 commodis
1315 1959 1558 2005 adversatos

200 2034 339 2070 26556.
403 2024 596 2073 Quorum
627 2025 806 2070 alterum
837 2041 972 2084 neque
1002 2040 1111 2084 nego
1142 2040 1278 2084 neque
1307 2024 1463 2070 infitias
1494 2039 1557 2081 e0‚

235 2105 325 2143 nos,
349 2105 402 2134 ex
423 2105 505 2147 quo
527 2089 677 2135 adsciti
697 2106 843 2135 sumus
871 2090 996 2135 simul
1016 2090 1060 2135 in
1088 2090 1302 2135 civitatem
1330 2093 1375 2134 et
1403 2093 1558 2148 patres,

237 2155 358 2200 enixe
394 2169 563 2212 operam
600 2154 765 2200 dedisse
794 2158 844 2200 ut
874 2171 950 2214 per
983 2170 1061 2200 nos
1098 2158 1222 2200 aucta
1256 2154 1398 2213 potius
1434 2169 1560 2214 quam

236 2219 457 2264 imminuta
476 2222 675 2277 majestas
703 2235 849 2265 earum
876 2220 1080 2279 gentium,
1101 2219 1213 2264 inter
1233 2235 1336 2278 quas
1363 2233 1440 2264 nos
1468 2234 1562 2264 esse

238 2284 442 2341 voluistiS‚
464 2283 547 2330 dici
570 2300 668 2332 vere
695 2289 862 2345 posset:
895 2285 998 2332 illud
1026 2285 1203 2331 alterum
1231 2300 1308 2347 pro
1337 2300 1404 2330 me
1431 2287 1563 2345 maj0-
