<?xml version="1.0" encoding="UTF-8"?>
<!DOCTYPE html PUBLIC "-//W3C//DTD XHTML 1.0 Transitional//EN"
    "http://www.w3.org/TR/xhtml1/DTD/xhtml1-transitional.dtd">
<html xmlns="http://www.w3.org/1999/xhtml" xml:lang="en" lang="en">
 <head>
  <title>
</title>
<meta http-equiv="Content-Type" content="text/html;charset=utf-8" />
  <meta name='ocr-system' content='tesseract 3.04.00' />
  <meta name='ocr-capabilities' content='ocr_page ocr_carea ocr_par ocr_line ocrx_word'/>
</head>
<body>
  <div class='ocr_page' id='page_1' title='image "./historiarum00livyuoft_0210.png"; bbox 0 0 1649 2452; ppageno 0'>
   <div class='ocr_carea' id='block_1_1' title="bbox 178 79 1164 121">
    <p class='ocr_par' dir='ltr' id='par_1_1' title="bbox 178 79 1164 121">
     <span class='ocr_line' id='line_1_1' title="bbox 178 79 1164 121; baseline -0.001 -1"><span class='ocrx_word' id='word_1_1' title='bbox 178 83 256 120; x_wconf 90' lang='grc'><strong>560</strong></span> <span class='ocrx_word' id='word_1_2' title='bbox 497 81 541 121; x_wconf 95' lang='grc' dir='ltr'><strong>Τ.</strong></span> <span class='ocrx_word' id='word_1_3' title='bbox 564 81 714 120; x_wconf 90' lang='lat' dir='ltr'>LIVII</span> <span class='ocrx_word' id='word_1_4' title='bbox 745 81 810 119; x_wconf 94' lang='lat' dir='ltr'><strong>HI</strong></span> <span class='ocrx_word' id='word_1_5' title='bbox 817 79 1164 120; x_wconf 86' lang='lat' dir='ltr'><strong>STORIARUM</strong></span> 
     </span>
    </p>
   </div>
   <div class='ocr_carea' id='block_1_2' title="bbox 180 131 1497 230">
    <p class='ocr_par' dir='ltr' id='par_1_2' title="bbox 180 131 1497 230">
     <span class='ocr_line' id='line_1_2' title="bbox 180 131 1497 230; baseline -0.002 -12"><span class='ocrx_word' id='word_1_6' title='bbox 180 175 318 219; x_wconf 86' lang='lat' dir='ltr'><strong>victus</strong></span> <span class='ocrx_word' id='word_1_7' title='bbox 345 173 586 219; x_wconf 85' lang='lat' dir='ltr'><strong>Alexander</strong></span> <span class='ocrx_word' id='word_1_8' title='bbox 612 173 721 218; x_wconf 92' lang='lat' dir='ltr'><strong>bello</strong></span> <span class='ocrx_word' id='word_1_9' title='bbox 748 174 886 218; x_wconf 83' lang='lat' dir='ltr'><strong>victus</strong></span> <span class='ocrx_word' id='word_1_10' title='bbox 916 176 1054 218; x_wconf 88' lang='lat' dir='ltr'><strong>esset:</strong></span> <span class='ocrx_word' id='word_1_11' title='bbox 1085 131 1343 225; x_wconf 59' lang='lat' dir='ltr'><strong>Romanuifij</strong></span> <span class='ocrx_word' id='word_1_12' title='bbox 1358 131 1497 230; x_wconf 53' lang='grc' dir='ltr'><strong>(ξιῗέξῐῇ</strong></span> 
     </span>
    </p>
   </div>
   <div class='ocr_carea' id='block_1_3' title="bbox 183 236 1591 296">
    <p class='ocr_par' dir='ltr' id='par_1_3' title="bbox 183 236 1591 296">
     <span class='ocr_line' id='line_1_3' title="bbox 183 236 1591 296; baseline -0.002 -14"><span class='ocrx_word' id='word_1_13' title='bbox 183 238 390 282; x_wconf 85' lang='lat' dir='ltr'><strong>Caudium</strong></span> <span class='ocrx_word' id='word_1_14' title='bbox 429 253 552 296; x_wconf 88' lang='lat' dir='ltr'><strong>quem</strong></span> <span class='ocrx_word' id='word_1_15' title='bbox 593 237 747 282; x_wconf 86' lang='lat' dir='ltr'><strong>Cannae</strong></span> <span class='ocrx_word' id='word_1_16' title='bbox 787 252 872 281; x_wconf 92' lang='lat' dir='ltr'><strong>non</strong></span> <span class='ocrx_word' id='word_1_17' title='bbox 905 238 1136 295; x_wconf 86' lang='lat' dir='ltr'><strong>fregerunt,</strong></span> <span class='ocrx_word' id='word_1_18' title='bbox 1174 252 1267 295; x_wconf 84' lang='lat' dir='ltr'><strong>quae</strong></span> <span class='ocrx_word' id='word_1_19' title='bbox 1300 236 1498 294; x_wconf 82' lang='lat' dir='ltr'><strong>fregisset</strong></span> <span class='ocrx_word' id='word_1_20' title='bbox 1584 269 1591 274; x_wconf 93' lang='lat'>.</span> 
     </span>
    </p>
   </div>
   <div class='ocr_carea' id='block_1_4' title="bbox 82 300 1520 2283">
    <p class='ocr_par' dir='ltr' id='par_1_4' title="bbox 82 300 1520 2283">
     <span class='ocr_line' id='line_1_4' title="bbox 183 300 1496 359; baseline -0.002 -13"><span class='ocrx_word' id='word_1_21' title='bbox 183 302 317 346; x_wconf 84' lang='lat' dir='ltr'><strong>acies?</strong></span> <span class='ocrx_word' id='word_1_22' title='bbox 347 317 400 346; x_wconf 90' lang='lat' dir='ltr'><strong>ne</strong></span> <span class='ocrx_word' id='word_1_23' title='bbox 416 302 486 346; x_wconf 89' lang='lat' dir='ltr'><strong>ille</strong></span> <span class='ocrx_word' id='word_1_24' title='bbox 509 317 630 358; x_wconf 85' lang='lat' dir='ltr'><strong>saepe,</strong></span> <span class='ocrx_word' id='word_1_25' title='bbox 658 301 784 345; x_wconf 83' lang='lat' dir='ltr'><strong>etiam</strong></span> <span class='ocrx_word' id='word_1_26' title='bbox 805 302 842 345; x_wconf 95' lang='lat' dir='ltr'><strong>si</strong></span> <span class='ocrx_word' id='word_1_27' title='bbox 861 301 996 358; x_wconf 84' lang='lat' dir='ltr'><strong>prima</strong></span> <span class='ocrx_word' id='word_1_28' title='bbox 1021 315 1219 359; x_wconf 88' lang='lat' dir='ltr'><strong>prospere</strong></span> <span class='ocrx_word' id='word_1_29' title='bbox 1247 300 1496 352; x_wconf 86' lang='lat' dir='ltr'><strong>evenissent,</strong></span> 
     </span>
     <span class='ocr_line' id='line_1_5' title="bbox 182 364 1500 422; baseline -0.002 -12"><span class='ocrx_word' id='word_1_30' title='bbox 182 365 334 410; x_wconf 83' lang='lat' dir='ltr'><strong>Persas</strong></span> <span class='ocrx_word' id='word_1_31' title='bbox 365 369 407 409; x_wconf 91' lang='lat' dir='ltr'><strong>et</strong></span> <span class='ocrx_word' id='word_1_32' title='bbox 438 364 568 408; x_wconf 83' lang='lat' dir='ltr'><strong>Indos</strong></span> <span class='ocrx_word' id='word_1_33' title='bbox 599 368 642 408; x_wconf 89' lang='lat' dir='ltr'><strong>et</strong></span> <span class='ocrx_word' id='word_1_34' title='bbox 673 364 879 409; x_wconf 83' lang='lat' dir='ltr'><strong>imbellem</strong></span> <span class='ocrx_word' id='word_1_35' title='bbox 911 365 1056 409; x_wconf 87' lang='lat' dir='ltr'><strong>Asiam</strong></span> <span class='ocrx_word' id='word_1_36' title='bbox 1086 364 1303 422; x_wconf 68' lang='lat' dir='ltr'><strong>quaesisset</strong></span> <span class='ocrx_word' id='word_1_37' title='bbox 1333 366 1377 408; x_wconf 86' lang='lat' dir='ltr'><strong>et</strong></span> <span class='ocrx_word' id='word_1_38' title='bbox 1403 377 1500 408; x_wconf 88' lang='lat' dir='ltr'><strong>cum</strong></span> 
     </span>
     <span class='ocr_line' id='line_1_6' title="bbox 183 427 1501 486; baseline -0.002 -13"><span class='ocrx_word' id='word_1_39' title='bbox 183 429 347 473; x_wconf 87' lang='lat' dir='ltr'><strong>feminis</strong></span> <span class='ocrx_word' id='word_1_40' title='bbox 383 428 462 473; x_wconf 87' lang='lat' dir='ltr'><strong>sibi</strong></span> <span class='ocrx_word' id='word_1_41' title='bbox 493 428 647 472; x_wconf 88' lang='lat' dir='ltr'><strong>bellum</strong></span> <span class='ocrx_word' id='word_1_42' title='bbox 682 429 813 473; x_wconf 90' lang='lat' dir='ltr'><strong>fuisse</strong></span> <span class='ocrx_word' id='word_1_43' title='bbox 849 428 1035 481; x_wconf 78' lang='lat' dir='ltr'><strong>dixisset,</strong></span> <span class='ocrx_word' id='word_1_44' title='bbox 1069 427 1181 486; x_wconf 91' lang='lat' dir='ltr'><strong>quod</strong></span> <span class='ocrx_word' id='word_1_45' title='bbox 1208 427 1330 485; x_wconf 83' lang='lat' dir='ltr'>Epiri</span> <span class='ocrx_word' id='word_1_46' title='bbox 1358 441 1501 484; x_wconf 85' lang='lat' dir='ltr'><strong>regem</strong></span> 
     </span>
     <span class='ocr_line' id='line_1_7' title="bbox 184 490 1498 542; baseline -0.003 -4"><span class='ocrx_word' id='word_1_47' title='bbox 184 492 468 538; x_wconf 79' lang='lat' dir='ltr'><strong>Alexandrum</strong></span> <span class='ocrx_word' id='word_1_48' title='bbox 507 491 723 536; x_wconf 78' lang='lat' dir='ltr'><strong>mortifero</strong></span> <span class='ocrx_word' id='word_1_49' title='bbox 764 492 934 537; x_wconf 87' lang='lat' dir='ltr'><strong>vulnere</strong></span> <span class='ocrx_word' id='word_1_50' title='bbox 973 493 1106 537; x_wconf 90' lang='lat' dir='ltr'><strong>ictum</strong></span> <span class='ocrx_word' id='word_1_51' title='bbox 1146 491 1303 535; x_wconf 81' lang='lat' dir='ltr'><strong>dixisse</strong></span> <span class='ocrx_word' id='word_1_52' title='bbox 1343 490 1498 542; x_wconf 84' lang='lat' dir='ltr'><strong>ferunt,</strong></span> 
     </span>
     <span class='ocr_line' id='line_1_8' title="bbox 185 555 1502 614; baseline -0.002 -13"><span class='ocrx_word' id='word_1_53' title='bbox 185 561 340 602; x_wconf 82' lang='lat' dir='ltr'><strong>sortem</strong></span> <span class='ocrx_word' id='word_1_54' title='bbox 366 555 569 600; x_wconf 85' lang='lat' dir='ltr'><strong>bellorum</strong></span> <span class='ocrx_word' id='word_1_55' title='bbox 597 556 642 599; x_wconf 90' lang='lat' dir='ltr'><strong>in</strong></span> <span class='ocrx_word' id='word_1_56' title='bbox 667 556 771 600; x_wconf 86' lang='lat' dir='ltr'><strong>Asia</strong></span> <span class='ocrx_word' id='word_1_57' title='bbox 797 561 1010 614; x_wconf 73' lang='lat' dir='ltr'><strong>gestorum</strong></span> <span class='ocrx_word' id='word_1_58' title='bbox 1041 556 1092 600; x_wconf 91' lang='lat' dir='ltr'><strong>ab</strong></span> <span class='ocrx_word' id='word_1_59' title='bbox 1119 556 1199 599; x_wconf 90' lang='lat' dir='ltr'><strong>hoc</strong></span> <span class='ocrx_word' id='word_1_60' title='bbox 1228 555 1320 612; x_wconf 93' lang='lat' dir='ltr'><strong>ipso</strong></span> <span class='ocrx_word' id='word_1_61' title='bbox 1344 557 1502 611; x_wconf 85' lang='lat' dir='ltr'><strong>juvene</strong></span> 
     </span>
     <span class='ocr_line' id='line_1_9' title="bbox 145 619 1503 677; baseline -0.004 -11"><span class='ocrx_word' id='word_1_62' title='bbox 145 626 169 670; x_wconf 84' lang='grc'><strong>7</strong></span> <span class='ocrx_word' id='word_1_63' title='bbox 186 636 279 666; x_wconf 91' lang='lat' dir='ltr'><strong>cum</strong></span> <span class='ocrx_word' id='word_1_64' title='bbox 302 636 378 664; x_wconf 92' lang='lat' dir='ltr'><strong>sua</strong></span> <span class='ocrx_word' id='word_1_65' title='bbox 397 619 695 664; x_wconf 87' lang='lat' dir='ltr'><strong>conferentem.</strong></span> <span class='ocrx_word' id='word_1_66' title='bbox 757 619 962 677; x_wconf 88' lang='lat' dir='ltr'><strong>Equidem</strong></span> <span class='ocrx_word' id='word_1_67' title='bbox 985 635 1114 677; x_wconf 91' lang='lat' dir='ltr'><strong>quum</strong></span> <span class='ocrx_word' id='word_1_68' title='bbox 1134 634 1210 676; x_wconf 88' lang='lat' dir='ltr'><strong>per</strong></span> <span class='ocrx_word' id='word_1_69' title='bbox 1230 632 1361 662; x_wconf 89' lang='lat' dir='ltr'><strong>annos</strong></span> <span class='ocrx_word' id='word_1_70' title='bbox 1382 620 1503 675; x_wconf 84' lang='lat' dir='ltr'><strong>quat-</strong></span> 
     </span>
     <span class='ocr_line' id='line_1_10' title="bbox 185 682 1503 742; baseline -0.002 -14"><span class='ocrx_word' id='word_1_71' title='bbox 185 688 284 729; x_wconf 83' lang='lat' dir='ltr'><strong>tuor</strong></span> <span class='ocrx_word' id='word_1_72' title='bbox 314 688 357 728; x_wconf 89' lang='lat' dir='ltr'><strong>et</strong></span> <span class='ocrx_word' id='word_1_73' title='bbox 387 683 539 742; x_wconf 87' lang='lat' dir='ltr'><strong>viginti</strong></span> <span class='ocrx_word' id='word_1_74' title='bbox 569 684 701 741; x_wconf 89' lang='lat' dir='ltr'><strong>primo</strong></span> <span class='ocrx_word' id='word_1_75' title='bbox 732 683 892 728; x_wconf 88' lang='lat' dir='ltr'><strong>Punico</strong></span> <span class='ocrx_word' id='word_1_76' title='bbox 924 684 1033 729; x_wconf 87' lang='lat' dir='ltr'><strong>bello</strong></span> <span class='ocrx_word' id='word_1_77' title='bbox 1064 682 1265 727; x_wconf 89' lang='lat' dir='ltr'><strong>classibus</strong></span> <span class='ocrx_word' id='word_1_78' title='bbox 1295 683 1503 726; x_wconf 84' lang='lat' dir='ltr'><strong>certatum</strong></span> 
     </span>
     <span class='ocr_line' id='line_1_11' title="bbox 187 746 1503 800; baseline -0.002 -7"><span class='ocrx_word' id='word_1_79' title='bbox 187 765 282 793; x_wconf 89' lang='lat' dir='ltr'><strong>cum</strong></span> <span class='ocrx_word' id='word_1_80' title='bbox 302 747 444 792; x_wconf 86' lang='lat' dir='ltr'><strong>Poenis</strong></span> <span class='ocrx_word' id='word_1_81' title='bbox 465 747 672 800; x_wconf 86' lang='lat' dir='ltr'><strong>recordor,</strong></span> <span class='ocrx_word' id='word_1_82' title='bbox 697 747 767 791; x_wconf 88' lang='lat' dir='ltr'><strong>vix</strong></span> <span class='ocrx_word' id='word_1_83' title='bbox 794 752 960 792; x_wconf 84' lang='lat' dir='ltr'><strong>aetatem</strong></span> <span class='ocrx_word' id='word_1_84' title='bbox 985 746 1214 792; x_wconf 81' lang='lat' dir='ltr'><strong>Alexandri</strong></span> <span class='ocrx_word' id='word_1_85' title='bbox 1233 746 1503 790; x_wconf 83' lang='lat' dir='ltr'><strong>suffecturam</strong></span> 
     </span>
     <span class='ocr_line' id='line_1_12' title="bbox 186 811 1505 868; baseline -0.002 -12"><span class='ocrx_word' id='word_1_86' title='bbox 186 813 316 856; x_wconf 83' lang='lat' dir='ltr'><strong>fuisse</strong></span> <span class='ocrx_word' id='word_1_87' title='bbox 356 827 450 856; x_wconf 88' lang='lat' dir='ltr'><strong>reor</strong></span> <span class='ocrx_word' id='word_1_88' title='bbox 490 811 541 855; x_wconf 85' lang='lat' dir='ltr'><strong>ad</strong></span> <span class='ocrx_word' id='word_1_89' title='bbox 581 827 713 856; x_wconf 89' lang='lat' dir='ltr'><strong>unum</strong></span> <span class='ocrx_word' id='word_1_90' title='bbox 753 811 931 856; x_wconf 89' lang='lat' dir='ltr'><strong>bellum:</strong></span> <span class='ocrx_word' id='word_1_91' title='bbox 974 815 1017 856; x_wconf 88' lang='lat' dir='ltr'><strong>et</strong></span> <span class='ocrx_word' id='word_1_92' title='bbox 1057 811 1246 864; x_wconf 82' lang='lat' dir='ltr'><strong>forsitan,</strong></span> <span class='ocrx_word' id='word_1_93' title='bbox 1289 825 1420 868; x_wconf 90' lang='lat' dir='ltr'><strong>quum</strong></span> <span class='ocrx_word' id='word_1_94' title='bbox 1460 812 1505 854; x_wconf 86' lang='lat' dir='ltr'><strong>et</strong></span> 
     </span>
     <span class='ocr_line' id='line_1_13' title="bbox 186 875 1505 932; baseline -0.003 -11"><span class='ocrx_word' id='word_1_95' title='bbox 186 875 413 921; x_wconf 87' lang='lat' dir='ltr'><strong>foederibus</strong></span> <span class='ocrx_word' id='word_1_96' title='bbox 440 876 621 920; x_wconf 82' lang='lat' dir='ltr'><strong>vetustis</strong></span> <span class='ocrx_word' id='word_1_97' title='bbox 643 879 796 932; x_wconf 89' lang='lat' dir='ltr'><strong>juncta</strong></span> <span class='ocrx_word' id='word_1_98' title='bbox 821 891 888 920; x_wconf 89' lang='lat' dir='ltr'><strong>res</strong></span> <span class='ocrx_word' id='word_1_99' title='bbox 917 876 1078 919; x_wconf 88' lang='lat' dir='ltr'><strong>Punica</strong></span> <span class='ocrx_word' id='word_1_100' title='bbox 1105 875 1308 919; x_wconf 84' lang='lat' dir='ltr'><strong>Romanae</strong></span> <span class='ocrx_word' id='word_1_101' title='bbox 1329 876 1441 918; x_wconf 90' lang='lat' dir='ltr'><strong>esset</strong></span> <span class='ocrx_word' id='word_1_102' title='bbox 1461 876 1505 918; x_wconf 88' lang='lat' dir='ltr'><strong>et</strong></span> 
     </span>
     <span class='ocr_line' id='line_1_14' title="bbox 187 937 1507 996; baseline -0.002 -12"><span class='ocrx_word' id='word_1_103' title='bbox 187 941 314 985; x_wconf 88' lang='lat' dir='ltr'><strong>timor</strong></span> <span class='ocrx_word' id='word_1_104' title='bbox 343 955 419 996; x_wconf 87' lang='lat' dir='ltr'><strong>par</strong></span> <span class='ocrx_word' id='word_1_105' title='bbox 450 939 649 983; x_wconf 82' lang='lat' dir='ltr'><strong>adversus</strong></span> <span class='ocrx_word' id='word_1_106' title='bbox 681 955 943 984; x_wconf 89' lang='lat' dir='ltr'><strong>communem</strong></span> <span class='ocrx_word' id='word_1_107' title='bbox 973 940 1137 984; x_wconf 89' lang='lat' dir='ltr'><strong>hostem</strong></span> <span class='ocrx_word' id='word_1_108' title='bbox 1169 939 1272 983; x_wconf 89' lang='lat' dir='ltr'><strong>duas</strong></span> <span class='ocrx_word' id='word_1_109' title='bbox 1302 937 1507 995; x_wconf 89' lang='lat' dir='ltr'><strong>potentis-</strong></span> 
     </span>
     <span class='ocr_line' id='line_1_15' title="bbox 189 1001 1507 1062; baseline -0.003 -12"><span class='ocrx_word' id='word_1_110' title='bbox 189 1006 314 1050; x_wconf 89' lang='lat' dir='ltr'><strong>simas</strong></span> <span class='ocrx_word' id='word_1_111' title='bbox 342 1005 468 1048; x_wconf 89' lang='lat' dir='ltr'><strong>armis</strong></span> <span class='ocrx_word' id='word_1_112' title='bbox 496 1004 679 1062; x_wconf 82' lang='lat' dir='ltr'><strong>virisque</strong></span> <span class='ocrx_word' id='word_1_113' title='bbox 707 1004 831 1049; x_wconf 88' lang='lat' dir='ltr'><strong>urbes</strong></span> <span class='ocrx_word' id='word_1_114' title='bbox 860 1008 1053 1057; x_wconf 87' lang='lat' dir='ltr'><strong>armaret,</strong></span> <span class='ocrx_word' id='word_1_115' title='bbox 1082 1003 1207 1048; x_wconf 87' lang='lat' dir='ltr'><strong>simul</strong></span> <span class='ocrx_word' id='word_1_116' title='bbox 1231 1002 1393 1047; x_wconf 90' lang='lat' dir='ltr'><strong>Punico</strong></span> <span class='ocrx_word' id='word_1_117' title='bbox 1421 1001 1507 1046; x_wconf 84' lang='lat' dir='ltr'><strong>Ro-</strong></span> 
     </span>
     <span class='ocr_line' id='line_1_16' title="bbox 151 1065 1508 1126; baseline -0.001 -16"><span class='ocrx_word' id='word_1_118' title='bbox 151 1071 394 1125; x_wconf 82' lang='lat' dir='ltr'><strong>Smanoque</strong></span> <span class='ocrx_word' id='word_1_119' title='bbox 422 1068 599 1112; x_wconf 86' lang='lat' dir='ltr'><strong>obrutus</strong></span> <span class='ocrx_word' id='word_1_120' title='bbox 628 1067 736 1112; x_wconf 87' lang='lat' dir='ltr'><strong>bello</strong></span> <span class='ocrx_word' id='word_1_121' title='bbox 764 1071 890 1112; x_wconf 91' lang='lat' dir='ltr'><strong>esset.</strong></span> <span class='ocrx_word' id='word_1_122' title='bbox 951 1068 1053 1112; x_wconf 80' lang='lat' dir='ltr'><strong>Non</strong></span> <span class='ocrx_word' id='word_1_123' title='bbox 1082 1067 1248 1126; x_wconf 87' lang='lat' dir='ltr'><strong>quidem</strong></span> <span class='ocrx_word' id='word_1_124' title='bbox 1269 1065 1508 1110; x_wconf 89' lang='lat' dir='ltr'><strong>Alexandro</strong></span> 
     </span>
     <span class='ocr_line' id='line_1_17' title="bbox 190 1131 1510 1190; baseline -0.003 -13"><span class='ocrx_word' id='word_1_125' title='bbox 190 1133 296 1177; x_wconf 90' lang='lat' dir='ltr'><strong>duce</strong></span> <span class='ocrx_word' id='word_1_126' title='bbox 323 1148 401 1177; x_wconf 86' lang='lat' dir='ltr'><strong>nec</strong></span> <span class='ocrx_word' id='word_1_127' title='bbox 427 1132 603 1190; x_wconf 86' lang='lat' dir='ltr'><strong>integris</strong></span> <span class='ocrx_word' id='word_1_128' title='bbox 633 1132 913 1177; x_wconf 86' lang='lat' dir='ltr'><strong>Macedonum</strong></span> <span class='ocrx_word' id='word_1_129' title='bbox 944 1132 1070 1177; x_wconf 89' lang='lat' dir='ltr'><strong>rebus</strong></span> <span class='ocrx_word' id='word_1_130' title='bbox 1092 1132 1166 1175; x_wconf 88' lang='lat' dir='ltr'><strong>sed</strong></span> <span class='ocrx_word' id='word_1_131' title='bbox 1186 1131 1348 1189; x_wconf 87' lang='lat' dir='ltr'><strong>experti</strong></span> <span class='ocrx_word' id='word_1_132' title='bbox 1367 1134 1510 1174; x_wconf 88' lang='lat' dir='ltr'><strong>tamen</strong></span> 
     </span>
     <span class='ocr_line' id='line_1_18' title="bbox 192 1193 1509 1242; baseline -0.003 -1"><span class='ocrx_word' id='word_1_133' title='bbox 192 1200 291 1242; x_wconf 90' lang='lat' dir='ltr'><strong>sunt</strong></span> <span class='ocrx_word' id='word_1_134' title='bbox 318 1197 502 1240; x_wconf 87' lang='lat' dir='ltr'><strong>Romani</strong></span> <span class='ocrx_word' id='word_1_135' title='bbox 527 1195 802 1241; x_wconf 84' lang='lat' dir='ltr'><strong>Macedonem</strong></span> <span class='ocrx_word' id='word_1_136' title='bbox 830 1196 995 1240; x_wconf 87' lang='lat' dir='ltr'><strong>hostem</strong></span> <span class='ocrx_word' id='word_1_137' title='bbox 1026 1195 1224 1239; x_wconf 83' lang='lat' dir='ltr'><strong>adversus</strong></span> <span class='ocrx_word' id='word_1_138' title='bbox 1252 1193 1509 1238; x_wconf 85' lang='lat' dir='ltr'><strong>Antiochum</strong></span> 
     </span>
     <span class='ocr_line' id='line_1_19' title="bbox 193 1258 1510 1319; baseline -0.002 -14"><span class='ocrx_word' id='word_1_139' title='bbox 193 1261 435 1319; x_wconf 86' lang='lat' dir='ltr'><strong>Philippum</strong></span> <span class='ocrx_word' id='word_1_140' title='bbox 454 1261 615 1305; x_wconf 88' lang='lat' dir='ltr'><strong>Persen</strong></span> <span class='ocrx_word' id='word_1_141' title='bbox 633 1275 719 1304; x_wconf 89' lang='lat' dir='ltr'><strong>non</strong></span> <span class='ocrx_word' id='word_1_142' title='bbox 739 1259 861 1304; x_wconf 91' lang='lat' dir='ltr'><strong>modo</strong></span> <span class='ocrx_word' id='word_1_143' title='bbox 890 1275 986 1305; x_wconf 89' lang='lat' dir='ltr'><strong>cum</strong></span> <span class='ocrx_word' id='word_1_144' title='bbox 1007 1259 1122 1304; x_wconf 87' lang='lat' dir='ltr'><strong>clade</strong></span> <span class='ocrx_word' id='word_1_145' title='bbox 1143 1258 1228 1303; x_wconf 90' lang='lat' dir='ltr'><strong>ulla</strong></span> <span class='ocrx_word' id='word_1_146' title='bbox 1249 1258 1322 1303; x_wconf 89' lang='lat' dir='ltr'><strong>sed</strong></span> <span class='ocrx_word' id='word_1_147' title='bbox 1341 1273 1394 1302; x_wconf 89' lang='lat' dir='ltr'><strong>ne</strong></span> <span class='ocrx_word' id='word_1_148' title='bbox 1415 1273 1510 1302; x_wconf 89' lang='lat' dir='ltr'><strong>cum</strong></span> 
     </span>
     <span class='ocr_line' id='line_1_20' title="bbox 156 1321 1511 1382; baseline -0.003 -12"><span class='ocrx_word' id='word_1_149' title='bbox 156 1325 378 1382; x_wconf 85' lang='lat' dir='ltr'><strong>9periculo</strong></span> <span class='ocrx_word' id='word_1_150' title='bbox 418 1325 584 1382; x_wconf 90' lang='lat' dir='ltr'><strong>quidem</strong></span> <span class='ocrx_word' id='word_1_151' title='bbox 624 1339 713 1369; x_wconf 92' lang='lat' dir='ltr'><strong>suo.</strong></span> <span class='ocrx_word' id='word_1_152' title='bbox 774 1324 900 1369; x_wconf 83' lang='lat' dir='ltr'><strong>Absit</strong></span> <span class='ocrx_word' id='word_1_153' title='bbox 939 1324 1096 1368; x_wconf 77' lang='lat' dir='ltr'><strong>invidia</strong></span> <span class='ocrx_word' id='word_1_154' title='bbox 1134 1322 1262 1367; x_wconf 87' lang='lat' dir='ltr'><strong>verbo</strong></span> <span class='ocrx_word' id='word_1_155' title='bbox 1297 1325 1340 1367; x_wconf 89' lang='lat' dir='ltr'><strong>et</strong></span> <span class='ocrx_word' id='word_1_156' title='bbox 1375 1321 1511 1367; x_wconf 86' lang='lat' dir='ltr'><strong>civilia</strong></span> 
     </span>
     <span class='ocr_line' id='line_1_21' title="bbox 196 1388 1513 1447; baseline -0.002 -13"><span class='ocrx_word' id='word_1_157' title='bbox 196 1390 303 1435; x_wconf 88' lang='lat' dir='ltr'><strong>bella</strong></span> <span class='ocrx_word' id='word_1_158' title='bbox 337 1390 498 1442; x_wconf 89' lang='lat' dir='ltr'><strong>sileant,</strong></span> <span class='ocrx_word' id='word_1_159' title='bbox 540 1405 766 1447; x_wconf 87' lang='lat' dir='ltr'><strong>numquam</strong></span> <span class='ocrx_word' id='word_1_160' title='bbox 803 1388 854 1433; x_wconf 89' lang='lat' dir='ltr'><strong>ab</strong></span> <span class='ocrx_word' id='word_1_161' title='bbox 891 1390 1031 1447; x_wconf 87' lang='lat' dir='ltr'><strong>equite</strong></span> <span class='ocrx_word' id='word_1_162' title='bbox 1063 1388 1186 1432; x_wconf 84' lang='lat' dir='ltr'><strong>hoste</strong></span> <span class='ocrx_word' id='word_1_163' title='bbox 1221 1402 1448 1446; x_wconf 87' lang='lat' dir='ltr'><strong>numquam</strong></span> <span class='ocrx_word' id='word_1_164' title='bbox 1487 1402 1513 1431; x_wconf 89' lang='lat' dir='ltr'><strong>a</strong></span> 
     </span>
     <span class='ocr_line' id='line_1_22' title="bbox 197 1451 1513 1512; baseline -0.003 -13"><span class='ocrx_word' id='word_1_165' title='bbox 197 1454 337 1512; x_wconf 86' lang='lat' dir='ltr'><strong>pedite</strong></span> <span class='ocrx_word' id='word_1_166' title='bbox 370 1469 598 1512; x_wconf 84' lang='lat' dir='ltr'><strong>numquam</strong></span> <span class='ocrx_word' id='word_1_167' title='bbox 635 1457 779 1511; x_wconf 82' lang='lat' dir='ltr'><strong>aperta</strong></span> <span class='ocrx_word' id='word_1_168' title='bbox 814 1453 900 1497; x_wconf 89' lang='lat' dir='ltr'><strong>acie</strong></span> <span class='ocrx_word' id='word_1_169' title='bbox 934 1468 1162 1511; x_wconf 90' lang='lat' dir='ltr'><strong>numquam</strong></span> <span class='ocrx_word' id='word_1_170' title='bbox 1202 1452 1331 1510; x_wconf 89' lang='lat' dir='ltr'><strong>aequis</strong></span> <span class='ocrx_word' id='word_1_171' title='bbox 1365 1451 1513 1508; x_wconf 87' lang='lat' dir='ltr'><strong>utique</strong></span> 
     </span>
     <span class='ocr_line' id='line_1_23' title="bbox 137 1515 1505 1576; baseline -0.002 -14"><span class='ocrx_word' id='word_1_172' title='bbox 137 1525 184 1562; x_wconf 93' lang='grc'><strong>10</strong></span> <span class='ocrx_word' id='word_1_173' title='bbox 198 1533 424 1576; x_wconf 86' lang='lat' dir='ltr'><strong>numquam</strong></span> <span class='ocrx_word' id='word_1_174' title='bbox 444 1519 599 1562; x_wconf 86' lang='lat' dir='ltr'><strong>nostris</strong></span> <span class='ocrx_word' id='word_1_175' title='bbox 628 1518 729 1562; x_wconf 88' lang='lat' dir='ltr'><strong>locis</strong></span> <span class='ocrx_word' id='word_1_176' title='bbox 756 1517 1047 1561; x_wconf 78' lang='lat' dir='ltr'><strong>laboravimus.</strong></span> <span class='ocrx_word' id='word_1_177' title='bbox 1107 1516 1314 1574; x_wconf 86' lang='lat' dir='ltr'><strong>Equidem</strong></span> <span class='ocrx_word' id='word_1_178' title='bbox 1336 1515 1505 1574; x_wconf 54' lang='lat' dir='ltr'><strong>sagitta:</strong></span> 
     </span>
     <span class='ocr_line' id='line_1_24' title="bbox 199 1579 1503 1639; baseline -0.005 -12"><span class='ocrx_word' id='word_1_179' title='bbox 199 1583 330 1627; x_wconf 92' lang='lat' dir='ltr'><strong>saltus</strong></span> <span class='ocrx_word' id='word_1_180' title='bbox 365 1582 587 1639; x_wconf 85' lang='lat' dir='ltr'><strong>impeditos</strong></span> <span class='ocrx_word' id='word_1_181' title='bbox 624 1582 716 1625; x_wconf 77' lang='lat' dir='ltr'><strong>avia</strong></span> <span class='ocrx_word' id='word_1_182' title='bbox 751 1580 1052 1625; x_wconf 86' lang='lat' dir='ltr'><strong>commeatibus</strong></span> <span class='ocrx_word' id='word_1_183' title='bbox 1086 1580 1178 1625; x_wconf 87' lang='lat' dir='ltr'><strong>loca</strong></span> <span class='ocrx_word' id='word_1_184' title='bbox 1211 1580 1349 1638; x_wconf 81' lang='lat' dir='ltr'><strong>gravis</strong></span> <span class='ocrx_word' id='word_1_185' title='bbox 1389 1579 1503 1623; x_wconf 87' lang='lat' dir='ltr'><strong>armi.-</strong></span> 
     </span>
     <span class='ocr_line' id='line_1_25' title="bbox 199 1644 1511 1704; baseline -0.003 -13"><span class='ocrx_word' id='word_1_186' title='bbox 199 1647 318 1692; x_wconf 85' lang='lat' dir='ltr'><strong>miles</strong></span> <span class='ocrx_word' id='word_1_187' title='bbox 338 1647 486 1691; x_wconf 89' lang='lat' dir='ltr'><strong>timere</strong></span> <span class='ocrx_word' id='word_1_188' title='bbox 515 1650 680 1704; x_wconf 86' lang='lat' dir='ltr'><strong>potest:</strong></span> <span class='ocrx_word' id='word_1_189' title='bbox 714 1645 824 1689; x_wconf 85' lang='lat' dir='ltr'><strong>mille</strong></span> <span class='ocrx_word' id='word_1_190' title='bbox 853 1646 962 1690; x_wconf 87' lang='lat' dir='ltr'><strong>acies</strong></span> <span class='ocrx_word' id='word_1_191' title='bbox 991 1645 1202 1703; x_wconf 84' lang='lat' dir='ltr'><strong>graviores</strong></span> <span class='ocrx_word' id='word_1_192' title='bbox 1228 1659 1350 1703; x_wconf 85' lang='lat' dir='ltr'><strong>quam</strong></span> <span class='ocrx_word' id='word_1_193' title='bbox 1371 1644 1511 1688; x_wconf 87' lang='lat' dir='ltr'><strong>Mace·</strong></span> 
     </span>
     <span class='ocr_line' id='line_1_26' title="bbox 202 1707 1516 1769; baseline -0.003 -14"><span class='ocrx_word' id='word_1_194' title='bbox 202 1711 357 1756; x_wconf 86' lang='lat' dir='ltr'><strong>donum</strong></span> <span class='ocrx_word' id='word_1_195' title='bbox 392 1715 517 1769; x_wconf 88' lang='lat' dir='ltr'><strong>atque</strong></span> <span class='ocrx_word' id='word_1_196' title='bbox 557 1709 785 1754; x_wconf 81' lang='lat' dir='ltr'><strong>Alexandri</strong></span> <span class='ocrx_word' id='word_1_197' title='bbox 822 1710 974 1754; x_wconf 77' lang='lat' dir='ltr'><strong>avertit</strong></span> <span class='ocrx_word' id='word_1_198' title='bbox 1009 1714 1265 1767; x_wconf 83' lang='lat' dir='ltr'><strong>avertctque,</strong></span> <span class='ocrx_word' id='word_1_199' title='bbox 1301 1710 1425 1752; x_wconf 87' lang='lat' dir='ltr'><strong>modo</strong></span> <span class='ocrx_word' id='word_1_200' title='bbox 1459 1707 1516 1751; x_wconf 90' lang='lat' dir='ltr'><strong>sit</strong></span> 
     </span>
     <span class='ocr_line' id='line_1_27' title="bbox 201 1772 1517 1834; baseline -0.003 -14"><span class='ocrx_word' id='word_1_201' title='bbox 201 1780 431 1834; x_wconf 86' lang='lat' dir='ltr'><strong>perpetuus</strong></span> <span class='ocrx_word' id='word_1_202' title='bbox 458 1775 583 1833; x_wconf 91' lang='lat' dir='ltr'><strong>hujus</strong></span> <span class='ocrx_word' id='word_1_203' title='bbox 612 1790 694 1833; x_wconf 89' lang='lat' dir='ltr'><strong>qua</strong></span> <span class='ocrx_word' id='word_1_204' title='bbox 721 1774 898 1818; x_wconf 77' lang='lat' dir='ltr'><strong>vivimus</strong></span> <span class='ocrx_word' id='word_1_205' title='bbox 926 1774 1039 1832; x_wconf 88' lang='lat' dir='ltr'><strong>pacis</strong></span> <span class='ocrx_word' id='word_1_206' title='bbox 1067 1788 1182 1818; x_wconf 88' lang='lat' dir='ltr'><strong>amor</strong></span> <span class='ocrx_word' id='word_1_207' title='bbox 1202 1777 1245 1818; x_wconf 90' lang='lat' dir='ltr'><strong>et</strong></span> <span class='ocrx_word' id='word_1_208' title='bbox 1264 1772 1397 1818; x_wconf 88' lang='lat' dir='ltr'><strong>civilis</strong></span> <span class='ocrx_word' id='word_1_209' title='bbox 1416 1786 1517 1817; x_wconf 86' lang='lat' dir='ltr'><strong>eura</strong></span> 
     </span>
     <span class='ocr_line' id='line_1_28' title="bbox 204 1839 446 1885; baseline -0.008 0"><span class='ocrx_word' id='word_1_210' title='bbox 204 1839 446 1885; x_wconf 83' lang='lat' dir='ltr'><strong>eoncordiae.</strong></span> 
     </span>
     <span class='ocr_line' id='line_1_29' title="bbox 82 1901 1518 1962; baseline -0.003 -14"><span class='ocrx_word' id='word_1_211' title='bbox 82 1906 193 1962; x_wconf 86' lang='lat'>(20)</span> <span class='ocrx_word' id='word_1_212' title='bbox 264 1904 325 1948; x_wconf 89' lang='lat' dir='ltr'><strong>M.</strong></span> <span class='ocrx_word' id='word_1_213' title='bbox 347 1903 511 1947; x_wconf 84' lang='lat' dir='ltr'><strong>Foslius</strong></span> <span class='ocrx_word' id='word_1_214' title='bbox 536 1902 731 1946; x_wconf 86' lang='lat' dir='ltr'><strong>Flaccina</strong></span> <span class='ocrx_word' id='word_1_215' title='bbox 758 1901 852 1946; x_wconf 84' lang='lat' dir='ltr'><strong>iude</strong></span> <span class='ocrx_word' id='word_1_216' title='bbox 880 1905 923 1946; x_wconf 90' lang='lat' dir='ltr'><strong>ct</strong></span> <span class='ocrx_word' id='word_1_217' title='bbox 951 1902 1002 1946; x_wconf 91' lang='lat' dir='ltr'><strong>L.</strong></span> <span class='ocrx_word' id='word_1_218' title='bbox 1024 1901 1217 1946; x_wconf 87' lang='lat' dir='ltr'><strong>Plautius</strong></span> <span class='ocrx_word' id='word_1_219' title='bbox 1245 1901 1394 1945; x_wconf 87' lang='lat' dir='ltr'><strong>Venox</strong></span> <span class='ocrx_word' id='word_1_220' title='bbox 1421 1915 1518 1945; x_wconf 88' lang='lat' dir='ltr'><strong>con·</strong></span> 
     </span>
     <span class='ocr_line' id='line_1_30' title="bbox 168 1965 1519 2023; baseline -0.004 -10"><span class='ocrx_word' id='word_1_221' title='bbox 168 1968 317 2014; x_wconf 88' lang='lat' dir='ltr'><strong>2sules</strong></span> <span class='ocrx_word' id='word_1_222' title='bbox 347 1967 464 2012; x_wconf 87' lang='lat' dir='ltr'><strong>facti.</strong></span> <span class='ocrx_word' id='word_1_223' title='bbox 526 1967 592 2010; x_wconf 90' lang='lat' dir='ltr'><strong>Eo</strong></span> <span class='ocrx_word' id='word_1_224' title='bbox 623 1981 731 2010; x_wconf 88' lang='lat' dir='ltr'><strong>anno</strong></span> <span class='ocrx_word' id='word_1_225' title='bbox 763 1966 813 2010; x_wconf 86' lang='lat' dir='ltr'><strong>ab</strong></span> <span class='ocrx_word' id='word_1_226' title='bbox 850 1965 1138 2023; x_wconf 75' lang='lat' dir='ltr'><strong>frequentibus</strong></span> <span class='ocrx_word' id='word_1_227' title='bbox 1170 1965 1418 2009; x_wconf 85' lang='lat' dir='ltr'><strong>Samnitium</strong></span> <span class='ocrx_word' id='word_1_228' title='bbox 1448 1978 1519 2021; x_wconf 85' lang='lat' dir='ltr'><strong>po-</strong></span> 
     </span>
     <span class='ocr_line' id='line_1_31' title="bbox 206 2027 1520 2090; baseline -0.004 -14"><span class='ocrx_word' id='word_1_229' title='bbox 206 2031 316 2090; x_wconf 86' lang='lat' dir='ltr'><strong>pulis</strong></span> <span class='ocrx_word' id='word_1_230' title='bbox 345 2031 395 2076; x_wconf 90' lang='lat' dir='ltr'><strong>de</strong></span> <span class='ocrx_word' id='word_1_231' title='bbox 424 2030 578 2075; x_wconf 86' lang='lat' dir='ltr'><strong>foedere</strong></span> <span class='ocrx_word' id='word_1_232' title='bbox 605 2029 842 2075; x_wconf 81' lang='lat' dir='ltr'><strong>renovando</strong></span> <span class='ocrx_word' id='word_1_233' title='bbox 870 2030 998 2088; x_wconf 88' lang='lat' dir='ltr'><strong>legati</strong></span> <span class='ocrx_word' id='word_1_234' title='bbox 1026 2045 1154 2088; x_wconf 90' lang='lat' dir='ltr'><strong>quum</strong></span> <span class='ocrx_word' id='word_1_235' title='bbox 1181 2033 1370 2073; x_wconf 83' lang='lat' dir='ltr'><strong>senatum</strong></span> <span class='ocrx_word' id='word_1_236' title='bbox 1402 2027 1520 2072; x_wconf 89' lang='lat' dir='ltr'><strong>humi</strong></span> 
     </span>
     <span class='ocr_line' id='line_1_32' title="bbox 208 2093 1519 2152; baseline -0.003 -13"><span class='ocrx_word' id='word_1_237' title='bbox 208 2096 331 2140; x_wconf 79' lang='lat' dir='ltr'><strong>strati</strong></span> <span class='ocrx_word' id='word_1_238' title='bbox 351 2097 593 2150; x_wconf 85' lang='lat' dir='ltr'><strong>movissent,</strong></span> <span class='ocrx_word' id='word_1_239' title='bbox 614 2095 759 2152; x_wconf 89' lang='lat' dir='ltr'><strong>rejecti</strong></span> <span class='ocrx_word' id='word_1_240' title='bbox 780 2094 833 2138; x_wconf 91' lang='lat' dir='ltr'><strong>ad</strong></span> <span class='ocrx_word' id='word_1_241' title='bbox 860 2093 1060 2152; x_wconf 85' lang='lat' dir='ltr'><strong>populum</strong></span> <span class='ocrx_word' id='word_1_242' title='bbox 1087 2093 1407 2151; x_wconf 85' lang='lat' dir='ltr'><strong>haudquaquam</strong></span> <span class='ocrx_word' id='word_1_243' title='bbox 1431 2096 1519 2136; x_wconf 86' lang='lat' dir='ltr'><strong>tam</strong></span> 
     </span>
     <span class='ocr_line' id='line_1_33' title="bbox 209 2157 1520 2217; baseline -0.003 -13"><span class='ocrx_word' id='word_1_244' title='bbox 209 2159 392 2204; x_wconf 85' lang='lat' dir='ltr'><strong>efficaces</strong></span> <span class='ocrx_word' id='word_1_245' title='bbox 423 2159 632 2204; x_wconf 89' lang='lat' dir='ltr'><strong>habebant</strong></span> <span class='ocrx_word' id='word_1_246' title='bbox 661 2174 832 2217; x_wconf 88' lang='lat' dir='ltr'><strong>preces:</strong></span> <span class='ocrx_word' id='word_1_247' title='bbox 869 2159 1011 2217; x_wconf 86' lang='lat' dir='ltr'><strong>itaque</strong></span> <span class='ocrx_word' id='word_1_248' title='bbox 1041 2157 1092 2202; x_wconf 89' lang='lat' dir='ltr'><strong>de</strong></span> <span class='ocrx_word' id='word_1_249' title='bbox 1124 2157 1276 2202; x_wconf 85' lang='lat' dir='ltr'><strong>soedere</strong></span> <span class='ocrx_word' id='word_1_250' title='bbox 1306 2159 1520 2214; x_wconf 87' lang='lat' dir='ltr'><strong>negatum,</strong></span> 
     </span>
     <span class='ocr_line' id='line_1_34' title="bbox 209 2219 1520 2283; baseline -0.002 -14"><span class='ocrx_word' id='word_1_251' title='bbox 209 2223 384 2270; x_wconf 82' lang='lat' dir='ltr'><strong>induciae</strong></span> <span class='ocrx_word' id='word_1_252' title='bbox 412 2223 580 2279; x_wconf 85' lang='lat' dir='ltr'><strong>biennii,</strong></span> <span class='ocrx_word' id='word_1_253' title='bbox 611 2239 738 2283; x_wconf 90' lang='lat' dir='ltr'><strong>quum</strong></span> <span class='ocrx_word' id='word_1_254' title='bbox 768 2239 842 2282; x_wconf 84' lang='lat' dir='ltr'><strong>per</strong></span> <span class='ocrx_word' id='word_1_255' title='bbox 870 2223 1026 2278; x_wconf 83' lang='lat' dir='ltr'><strong>aliquot</strong></span> <span class='ocrx_word' id='word_1_256' title='bbox 1055 2221 1142 2267; x_wconf 89' lang='lat' dir='ltr'><strong>dics</strong></span> <span class='ocrx_word' id='word_1_257' title='bbox 1171 2221 1418 2280; x_wconf 66' lang='lat' dir='ltr'><strong>fatigassent</strong></span> <span class='ocrx_word' id='word_1_258' title='bbox 1439 2219 1520 2267; x_wconf 83' lang='lat' dir='ltr'><strong>sin·</strong></span> 
     </span>
    </p>
   </div>
  </div>
 </body>
</html>
