1649 2452
586 71 699 110 LIB.
728 70 782 109 X.
815 72 876 117 18,
900 72 961 110 19.
1359 74 1432 112 621

112 122 414 222 ‹ffug'ffg‘l'zssusa
434 167 484 210 ut
504 165 719 223 provincia
748 167 825 209 tua
844 163 1066 209 excederes
1087 163 1254 208 induxit
1268 165 1316 209 ?'’
1349 166 1433 210 Vo-
1450 171 1473 208 6

108 227 292 274 lumnius
321 229 367 273 in
394 229 562 274 Samnio
590 245 657 274 res
686 245 908 287 prosperas
936 244 1029 273 esse
1059 231 1130 281 ait,
1159 229 1312 274 litteris
1340 232 1432 288 ejus

107 293 289 338 accitum
308 294 501 338 venisse:
533 309 625 352 quae
656 294 693 339 si
722 294 837 339 falsae
864 294 1022 338 fuerint
1043 309 1120 337 nec
1147 309 1250 337 usus
1280 295 1345 338 sui
1376 296 1431 339 sit

105 357 151 401 in
169 356 396 412 Etruriam,
420 359 632 417 extemplo
654 359 867 404 conversis
890 358 1021 416 signis
1044 357 1268 402 abiturum.
1333 359 1430 404 “Tu
1448 366 1468 403 7

104 436 205 466 vero
234 421 386 467 abeas'’
418 422 557 481 inquit
588 424 762 481 “neque
791 428 837 468 te
868 423 1087 481 quisquam
1128 426 1341 466 moratur:
1385 428 1428 468 et

104 485 212 530 enim
235 487 405 532 minime
426 491 756 532 consentaneum
775 490 855 542 est,
868 502 1002 544 quum
1021 486 1131 531 bello
1152 492 1228 531 tuo
1249 486 1428 532 forsitan

102 549 175 595 vix
213 551 405 607 sufficias,
437 552 505 597 hic
544 556 589 596 te
629 552 682 596 ad
722 567 843 610 opem
882 550 1098 596 ferendam
1131 551 1222 595 aliis
1257 551 1426 610 gloriari

100 615 306 660 venisse.’'
368 617 485 662 Bene
515 616 725 661 Hercules
752 619 950 669 verteret,
981 615 1118 660 dicere
1143 615 1422 661 Volumnius:
1442 628 1464 663 8

99 679 222 725 malle
242 681 402 725 frustra
430 695 602 739 operam
630 681 900 739 insumptam,
925 695 1046 738 quam
1070 680 1293 738 quicquam
1322 681 1424 726 inci-

99 742 212 789 disse
237 759 314 790 cur
333 760 419 790 non
445 746 548 790 satis
569 749 681 791 esset
709 746 894 790 Etruriae
921 760 1032 789 unus
1053 745 1282 789 consularis
1304 761 1421 790 exer-

98 809 222 854 citus.
283 809 583 869 Digredientes
605 813 696 868 jam
725 810 917 854 consules
946 809 1077 867 legati
1095 809 1338 868 tribunique
1368 826 1420 855 ex
1437 815 1535 867 (19)

96 873 290 931 Appiano
305 875 495 919 exercitu
509 874 848 919 circumsistunt:
877 889 973 932 pars
987 874 1279 931 imperatorem
1296 890 1420 919 suum

97 951 218 982 orare
238 953 293 983 ne
313 938 484 997 collegae
504 939 717 993 auxilium,
739 938 852 997 quod
877 937 1120 983 acciendum
1141 937 1254 982 ultro
1276 938 1417 992 fuerit,

95 1016 174 1046 sua
202 1007 353 1061 sponte
382 1002 571 1048 oblatum
613 1007 907 1061 sperneretur:
951 1002 1093 1060 plures
1129 1001 1302 1047 abeunti
1332 1004 1419 1048 Vo-

92 1065 253 1111 lumnio
280 1066 501 1119 obsistere,
523 1067 727 1113 obtestari
747 1083 800 1113 ne
829 1082 957 1125 pravo
978 1083 1074 1112 cum
1101 1067 1261 1126 collega
1285 1071 1419 1112 certa-

92 1130 206 1175 mine
239 1147 328 1176 rem
364 1131 575 1190 publicam
610 1132 790 1190 prodat:
833 1133 869 1177 si
905 1147 988 1190 qua
1019 1131 1158 1177 clades
1188 1131 1417 1185 incidisset,

92 1195 298 1241 desertori
325 1197 459 1256 magis
488 1212 612 1256 quam
643 1197 810 1242 deserto
837 1198 974 1241 noxiae
1004 1196 1122 1240 fore:
1155 1211 1204 1240 eo
1232 1212 1322 1240 rem
1348 1197 1416 1241 ad-

90 1259 262 1305 ductam
292 1264 343 1306 ut
373 1261 486 1306 omni
518 1262 580 1307 rei
610 1262 716 1307 bene
751 1266 825 1306 aut
856 1277 977 1306 secus
1009 1265 1139 1320 gestae
1170 1262 1213 1305 in
1243 1261 1417 1306 Etruria

90 1323 219 1370 decus
260 1325 524 1384 dedecusque
566 1326 619 1371 ad
657 1327 709 1371 L.
732 1327 1007 1371 Volumnium
1048 1327 1104 1371 sit
1145 1326 1412 1385 delegatum:

88 1389 298 1435 neminem
329 1392 618 1449 quaesiturum,
652 1408 747 1450 quae
777 1392 906 1437 verba
935 1391 1064 1450 Appii
1094 1391 1168 1436 sed
1199 1407 1291 1449 quae
1332 1392 1413 1436 for-

87 1457 194 1499 tuna
219 1456 431 1500 exercitus
462 1455 619 1500 fuerit:
653 1456 811 1501 dimitti
839 1456 890 1501 ab
918 1457 1058 1514 Appio
1086 1472 1182 1501 eum
1210 1456 1284 1500 sed
1316 1472 1340 1500 a
1366 1472 1412 1502 re

86 1519 258 1576 publica
286 1524 330 1565 et
361 1519 414 1565 ab
445 1521 635 1565 exercitu
663 1521 867 1566 retineri:
899 1521 1161 1578 experiretur
1190 1520 1314 1565 modo
1342 1537 1412 1565 vo-

84 1583 295 1630 luntatem
314 1584 510 1629 militum.
560 1586 668 1630 Haec
689 1586 896 1631 monendo
924 1585 1259 1644 obtestandoque
1280 1601 1410 1644 prope
1425 1600 1450 1637 2

84 1649 330 1694 restitantes
372 1649 564 1694 consules
604 1650 645 1694 in
686 1651 926 1695 concionem
967 1654 1278 1707 pertraxerunt.
1341 1650 1409 1696 Ibi
1425 1665 1448 1702 3

83 1713 294 1758 orationes
315 1713 525 1772 longiores
546 1713 700 1759 habitae
720 1715 765 1758 in
793 1714 967 1760 eandem
989 1715 1118 1759 ferme
1140 1715 1405 1770 sententiam,

81 1778 127 1822 in
147 1793 272 1836 quam
292 1777 404 1822 inter
424 1793 580 1836 paucos
602 1783 809 1823 certatum
832 1779 971 1824 verbis
993 1779 1144 1823 fuerat.
1195 1779 1254 1823 Et
1276 1795 1405 1837 quum
1423 1795 1448 1832 4.

80 1841 335 1916 Volumniu'
370 1857 497 1887 causa
531 1843 722 1901 superior
757 1859 810 1888 ne
845 1843 1097 1889 infacundus
1133 1843 1303 1901 quidem
1334 1843 1406 1888 ad-

79 1922 228 1952 versus
255 1907 451 1952 eximiam
479 1907 760 1966 eloquentiam
790 1908 959 1966 collegae
986 1909 1103 1953 visus
1133 1911 1257 1961 esset,
1280 1908 1404 1953 cavil-

77 1971 253 2030 lansque
287 1971 453 2030 Appius
485 1972 564 2017 sibi
600 1978 821 2030 acceptum
850 1973 1007 2018 referre
1043 1973 1203 2018 diceret
1234 1972 1400 2027 debere,

78 2036 192 2095 quod
211 2051 266 2082 ex
283 2041 404 2081 muto
431 2040 558 2095 atque
587 2037 745 2095 elingui
772 2037 999 2083 facundum
1029 2038 1157 2082 etiam
1188 2038 1400 2082 consulem
1418 2055 1439 2091 5

77 2099 295 2155 haberent,
317 2101 456 2160 priore
485 2101 708 2146 consulatu
738 2102 884 2159 primis
912 2102 1061 2160 utique
1081 2101 1294 2146 mensibus
1314 2102 1400 2146 his-

76 2179 172 2210 cere
205 2180 303 2210 eum
336 2166 548 2224 nequisse,
579 2181 692 2211 nunc
721 2169 811 2222 jam
842 2166 1063 2225 populares
1094 2166 1304 2212 orationes
1336 2183 1400 2211 se-

75 2243 195 2276 rere:
227 2230 410 2281 “Quam
447 2230 640 2280 mallem’'
678 2231 816 2290 inquit
855 2230 1109 2278 Volumnius
1147 2235 1234 2277 “tu
1273 2247 1298 2277 a
1332 2247 1398 2277 me
