1649 2452
600 99 709 141 LIB.
739 99 865 140 vm.
895 100 959 149 88,
979 100 1040 140 89
1392 94 1467 138 531

156 154 203 189 Δ.
217 153 362 196 0.θῖ0.]

155 194 607 269 evenit—dissipatos:
637 209 754 240 raros
775 195 895 253 equis
916 192 1161 248 insidenteS,
1181 205 1297 237 raros
1318 191 1470 250 quibus

154 261 319 307 ferrum
352 260 398 306 in
431 275 560 304 manu
594 260 664 311 sit,
695 260 762 304 inv
767 260 906 304 enies:
947 273 1160 317 equosque
1196 257 1295 301 dum
1331 257 1471 315 praeda

152 328 342 379 onerant,
364 324 509 370 eaede
497 339 676 369 mermes
698 329 999 380 cruentamque
1020 322 1101 367 illis
1127 321 1308 379 praedam
1328 321 1467 366 redde.

151 389 265 434 Mihi
282 389 470 448 legiones
490 387 763 447 peditumque
789 403 932 446 pugna
957 402 1068 441 cura:
1095 389 1244 431 erunt:
1277 401 1404 444 penes
1425 391 1468 430 te
1488 390 1536 427 12

150 457 349 512 equestre
368 453 425 498 sit
452 452 624 498 decus.'’
686 451 892 510 Equitum
920 451 1224 509 acies-qualis
1255 466 1349 509 quae
1377 466 1468 495 esse
1485 449 1591 509 (39)

149 517 478 563 instructissima
507 517 875 575 potest—invecta
903 517 947 560 in
975 515 1199 573 dissipatos
1227 515 1469 573 impeditos·

150 597 233 641 que
259 582 403 627 hostes
431 582 542 627 caede
570 581 710 626 omnia
738 581 896 639 replet:
939 580 1050 625 inter
1081 580 1263 625 sarcinas
1294 580 1468 624 omissas

147 650 324 705 repente
363 646 603 704 objacentes
651 645 827 703 pedibus
874 645 1130 703 fugientium
1177 648 1468 689 consternato·

147 725 327 770 rumque
357 726 562 768 equorum
591 725 728 768 neque
759 725 911 768 pugnae
947 724 1081 767 neque
1117 709 1228 766 fugae
1259 709 1362 753 satis
1395 724 1468 766 po-

147 781 290 820 tentes
310 774 543 820 caeduntur.
606 775 714 819 Tum
737 774 874 819 deleto
903 789 1031 832 prope
1061 774 1254 831 equitatu
1280 773 1464 818 hostium
1484 779 1507 815 2

145 839 211 884 M.
229 839 385 884 Fabius
406 838 703 884 circumductis
725 838 895 897 paulum
918 837 993 882 alis
1015 837 1066 883 ab
1087 843 1209 896 tergo
1230 837 1466 896 pedestrem

147 905 279 949 aciem
308 904 522 948 adoritur:
555 904 711 949 clamor
740 902 837 948 inde
872 918 1006 947 novus
1042 902 1234 948 accidens
1269 908 1313 948 et
1350 903 1466 947 Sam-

143 969 299 1014 nitium
337 969 491 1014 terruit
532 969 705 1022 animos,
748 973 792 1012 et
833 967 1026 1020 dictator,
1064 967 1138 1012 ubi
1178 973 1463 1025 respectantes

143 1033 332 1078 hostium
361 1033 656 1091 antesignanos
684 1032 938 1090 turbataque
966 1033 1087 1091 signa
1113 1036 1156 1076 et
1187 1032 1462 1077 fluctuantem

143 1098 276 1143 aciem
305 1097 424 1152 vidit,
458 1103 551 1142 tum
582 1097 790 1155 appellare
819 1101 914 1142 tum
944 1096 1158 1142 adhortari
1187 1097 1352 1151 milites,
1385 1098 1460 1142 tri-

142 1161 278 1208 bunos
307 1162 601 1221 principesque
635 1161 828 1206 ordinum
863 1161 1108 1206 nominatim
1144 1161 1197 1206 ad
1228 1161 1456 1206 iterandam

141 1241 287 1272 secum
325 1241 511 1286 pugnam
551 1241 711 1271 vocare.
772 1226 944 1271 Novato
981 1226 1161 1271 clamore
1195 1226 1316 1285 signa
1354 1227 1458 1272 inse-
1475 1236 1498 1273 3

140 1298 295 1336 runtur
324 1296 380 1346 et,
413 1290 616 1350 quidquid
645 1290 1034 1349 progrediebantur,
1065 1290 1206 1363 magis
1241 1291 1458 1364 magisque

139 1355 335 1401 turbatos
374 1355 519 1400 hostes
559 1354 800 1400 cernebant.
875 1355 1020 1413 Eques
1061 1355 1151 1413 ipsc
1186 1355 1273 1414 jam
1313 1357 1456 1414 primis
1473 1366 1499 1404 4

140 1421 264 1465 erat'
251 1436 297 1465 m
316 1425 557 1478 conspectu,
579 1424 623 1465 et
645 1419 865 1464 Cornelius
893 1420 1119 1476 respiciens
1147 1419 1200 1464 ad
1224 1421 1456 1478 manipulos

138 1485 333 1538 militum,
348 1484 461 1542 quod
480 1499 607 1528 manu
628 1483 741 1542 quod
756 1499 857 1529 voce
878 1488 1058 1542 poterat,
1080 1485 1340 1530 monstrabat
1356 1501 1456 1530 vex-

137 1549 209 1594 ina
228 1565 274 1594 se
295 1564 465 1594 suorum
495 1563 744 1606 parmasque
772 1564 941 1594 cernere
969 1549 1172 1608 equitum.
1234 1549 1363 1598 Quod
1382 1550 1494 1596 ubi-5

137 1613 332 1658 auditum
358 1613 483 1658 simul
510 1613 728 1671 visumque
757 1617 835 1667 est,
865 1613 969 1658 adeo
997 1619 1171 1672 repente
1198 1613 1352 1660 laboris
1379 1630 1456 1673 per

136 1678 248 1724 diem
276 1693 392 1736 paene
420 1684 560 1722 totum
589 1677 758 1722 tolerati
787 1677 1091 1737 vulnerumque
1118 1677 1238 1723 obliti
1265 1684 1376 1734 sunt,
1403 1683 1453 1724 ut

135 1742 251 1788 haud
289 1757 424 1796 secus,
467 1756 592 1800 quam
632 1741 669 1786 si
708 1745 801 1786 tum
841 1743 998 1801 integri
1032 1757 1055 1787 e
1095 1743 1244 1788 castris
1285 1743 1453 1802 siguum

135 1823 290 1867 pugnae
324 1806 597 1864 accepissent,
629 1807 931 1852 concitaverint
967 1822 1012 1852 se
1047 1807 1090 1852 in
1122 1808 1299 1852 hostem.
1358 1809 1492 1855 Nece

133 1872 250 1917 ultra
285 1871 448 1917 Samnis
482 1871 664 1916 tolerare
704 1876 907 1916 terrorem
949 1872 1140 1930 equitum
1179 1871 1452 1932 peditumque

134 1937 221 1982 vim
253 1936 419 1995 potuit:
456 1935 610 1993 partim
645 1935 688 1979 in
725 1934 862 1980 medio
895 1936 1004 1989 caesi,
1041 1936 1194 1994 partim
1228 1937 1274 1982 in
1306 1937 1452 1997 fugam

133 2001 328 2060 dissipati
347 2003 473 2046 sunt:
505 1998 632 2058 pedes
650 2003 859 2044 restantes
881 2015 930 2045 ac
950 2000 1257 2046 circumventos
1277 2002 1449 2048 cecidit:

133 2065 187 2112 ab
217 2066 358 2125 equite
387 2064 641 2124 fugientium
672 2068 835 2122 strages
866 2069 932 2108 est
965 2064 1088 2119 facta,
1122 2067 1235 2112 inter
1269 2082 1374 2126 quos
1406 2071 1451 2113 et

131 2131 223 2189 ipse
251 2131 479 2188 imperator
508 2128 672 2174 cecidit.
733 2129 832 2174 Hoc
865 2128 1033 2174 demmn
1064 2131 1259 2189 proelium
1292 2133 1450 2178 Samni·
1465 2141 1490 2184 7

132 2195 242 2241 tium
275 2209 343 2241 res
373 2195 436 2241 ita
468 2193 642 2254 infregit
678 2196 727 2238 ut
759 2193 953 2239 omnibus
988 2195 1173 2242 conciliis
1208 2196 1448 2254 fremerent,

133 2260 305 2307 minime
330 2259 375 2306 id
404 2259 574 2320 quidem
599 2259 754 2305 mirum
773 2274 878 2316 esse,
901 2260 940 2305 si
959 2260 1087 2320 impio
1110 2261 1220 2308 bello
1239 2266 1284 2309 et
1302 2267 1451 2310 contra

135 2323 273 2372 foedus
303 2328 500 2388 suscepto
530 2323 817 2372 infestioribus
846 2324 997 2372 merito
1018 2324 1106 2374 deis
1128 2342 1255 2402 quam
1275 2327 1449 2383 homiui·
