1649 2452
587 56 701 97 LIB.
732 56 807 97 lx.
839 58 1011 97 24—-26,
1388 58 1466 99 567

150 109 187 143 Δ.
205 106 240 141 c.
258 109 346 149 ³121

143 151 269 197 urbes
304 153 437 205 crant,
469 166 523 196 ex
552 150 706 209 quibus
736 151 945 209 principes
971 150 1211 209 juventutis
1247 149 1468 196 duodecim

141 230 316 262 numero
349 215 396 260 in
429 215 706 275 proditionem
748 215 916 260 urbium
957 231 1131 260 suarum
1166 215 1374 272 conjurati
1413 215 1467 260 ad

141 280 333 325 consules
362 281 565 325 veniunt:
598 279 751 325 docent
782 295 881 325 suos
907 281 995 338 jam
1026 279 1188 338 pridem
1217 284 1466 337 exoptantes

143 344 398 390 Samnitium
421 347 660 397 adventum,
684 345 809 389 simul
836 345 888 389 ad
909 345 1115 389 Lautulas
1143 351 1375 402 pugnatum
1397 360 1466 388 au-

141 408 323 463 dierunt,
353 425 430 468 pro
457 409 580 454 victis
608 409 824 454 Romanos
849 409 1058 464 habuisse,
1080 413 1312 467 juventute
1341 409 1466 453 armis

142 472 372 518 Samnitem
389 474 574 532 juvisse:
605 474 763 532 fugatis
784 475 881 519 inde
904 474 1162 519 Samnitibus
1183 474 1345 518 incerta
1365 488 1467 530 pace

141 553 266 598 agere
303 554 382 584 nec
422 537 665 584 claudentes
705 543 849 596 portas
893 539 1111 592 Romanis,
1153 553 1207 583 ne
1254 542 1467 582 arcessant

139 601 308 657 bellum,
331 608 375 648 et
396 601 631 648 obstinatos
653 602 859 656 claudere,
882 603 919 648 si
939 604 1151 648 exercitus
1173 602 1464 647 admoveatur:

139 666 185 712 in
219 683 269 713 ea
302 667 578 713 fluctuatione
616 668 850 712 animorum
885 668 1065 726 opprimi
1099 668 1292 713 incautos
1328 682 1465 726 posse.

139 728 224 776 His
265 731 509 776 auctoribus
544 736 659 776 mota
698 732 870 790 propius
907 737 1047 776 castra
1086 732 1285 790 missique
1319 731 1502 776 eodem5

139 798 329 853 tempore
370 796 482 842 circa
521 796 606 841 tria
644 795 799 854 oppida
831 796 987 841 milites
1024 797 1177 853 partim
1209 797 1371 850 armati,
1395 796 1466 855 qui

139 860 292 905 occulti
315 861 551 920 propinqua
565 860 771 906 moenibus
788 860 1018 905 insiderent
1035 861 1138 914 loca,
1156 861 1310 919 partim
1330 861 1467 919 togati

138 925 265 970 tectis
290 930 409 970 veste
437 925 601 984 gladiis,
630 925 703 983 qui
730 924 809 969 sub
835 924 968 969 lucem
1001 926 1157 983 apertis
1187 926 1319 984 portis
1340 925 1466 970 urbes

138 987 472 1048 ingrederentur.
532 990 602 1034 Ab
628 990 695 1034 his
725 989 850 1033 simul
878 989 1076 1034 custodes
1104 989 1309 1034 trucidari
1340 991 1502 1048 coeptiG

139 1053 264 1098 simul
285 1053 431 1099 datum
447 1054 612 1114 signum
631 1055 802 1098 armatis
817 1059 867 1098 ut
886 1070 938 1098 ex
959 1055 1121 1099 insidiis
1138 1061 1462 1099 concurrerent:

138 1117 200 1163 ita
220 1123 353 1177 portae
368 1124 582 1178 occupatae
602 1119 768 1177 triaque
790 1118 943 1176 oppida
958 1119 1100 1163 eadem
1118 1119 1222 1163 hora
1237 1119 1466 1177 eodemque

139 1183 313 1228 consilio
350 1189 497 1243 capta:
532 1183 606 1228 sed
647 1184 745 1242 quia
785 1183 1029 1228 absentibus
1070 1183 1247 1228 ducibus
1283 1184 1467 1242 impetus

140 1252 206 1293 est
236 1248 388 1302 sactuS,
420 1248 560 1293 nullus
590 1249 741 1292 modus
776 1247 960 1293 caedibus
996 1248 1091 1301 fuit,
1124 1247 1344 1307 deletaque
1378 1250 1469 1293 Au-

140 1327 292 1357 sonum
319 1328 424 1372 gens
452 1314 524 1357 vix
551 1318 668 1358 certo
696 1312 945 1358 defectionis
973 1313 1145 1358 crimine
1167 1313 1338 1371 perinde
1363 1328 1411 1358 ac
1431 1315 1469 1359 si

138 1375 398 1422 internecivo
418 1376 526 1422 bello
542 1377 764 1422 certasset.

197 1441 358 1487 Eodem
385 1457 495 1487 anno
521 1441 690 1501 prodito
718 1441 914 1487 hostibus
943 1441 1137 1486 Romano
1164 1441 1358 1500 praesidio
1378 1442 1467 1487 Lu·
1480 1443 1587 1495 (26)

140 1506 251 1551 ceria
272 1505 523 1551 Samnitium
550 1506 675 1551 facta.
736 1506 832 1552 Nec
860 1506 933 1551 diu
953 1506 1240 1565 proditoribus
1260 1507 1503 1566 impunita2

138 1587 208 1616 res
248 1571 355 1616 suit:
389 1569 503 1616 haud
541 1571 688 1629 procul
721 1571 818 1616 inde
858 1571 1071 1616 exercitus
1107 1571 1326 1616 Romanus
1361 1577 1465 1626 erat,

140 1638 262 1694 cnjus
293 1635 428 1694 primo
462 1635 627 1693 impetu
661 1636 762 1680 urbs
795 1636 878 1680 sita
912 1636 956 1680 in
985 1635 1109 1693 plano
1140 1637 1317 1694 capitur.
1379 1637 1503 1682 Lu-3

140 1701 271 1746 cerini
304 1717 353 1746 ac
390 1700 599 1746 Samnites
635 1701 689 1745 ad
723 1700 1051 1746 internecionem
1086 1701 1198 1751 eaesi,
1233 1717 1366 1759 eoque
1405 1703 1469 1747 ira

139 1766 346 1824 processit
366 1770 416 1810 ut
444 1765 594 1810 Romae
623 1781 802 1825 quoque,
826 1781 957 1824 quum
988 1765 1040 1810 de
1061 1765 1220 1810 colonis
1247 1766 1466 1812 mittendis

139 1829 364 1876 Luceriam
389 1830 680 1876 consuleretur
706 1835 892 1883 senatus,
922 1830 1046 1874 multi
1074 1829 1292 1875 delendam
1319 1831 1467 1877 urbem

139 1899 360 1940 censerent
378 1911 388 1940 ε
419 1899 573 1954 praeter
592 1895 748 1949 odium,
767 1894 879 1954 quod
895 1894 1149 1940 exsecrabile
1169 1895 1214 1939 in
1234 1895 1298 1940 bis
1319 1899 1466 1955 captos

139 1962 244 2015 erat,
279 1959 567 2019 longinquitas
598 1975 765 2019 quoqne
795 1959 1020 2005 abhorrere
1050 1974 1075 2003 a
1103 1959 1340 2019 relegandis
1376 1965 1462 2006 tam

139 2024 288 2084 procul
318 2024 371 2070 ab
402 2023 527 2070 domo
557 2024 720 2070 civibus
749 2025 861 2070 inter
890 2028 980 2069 tam
1009 2023 1186 2070 infestas
1216 2029 1367 2084 gentes
1396 2041 1468 2072 co·

139 2088 293 2148 gebat:
326 2089 429 2134 vicit
468 2093 614 2134 tamen
653 2089 866 2135 sententia
903 2092 953 2133 ut
993 2089 1265 2134 mitterentur
1304 2089 1465 2136 coloni:

141 2151 226 2200 duo
265 2153 397 2200 millia
435 2157 480 2200 et
520 2154 743 2214 quingenti
776 2153 906 2199 missi.
979 2152 1142 2199 Eodem
1177 2169 1299 2211 anno,
1336 2163 1505 2215 quum4

144 2218 286 2269 omnia
313 2216 443 2267 infida
474 2217 680 2267 Romanis
709 2223 865 2278 essent,
897 2217 1054 2278 Capua:
1089 2234 1256 2281 quoque
1290 2221 1466 2270 ooeultae
