1649 2452
520 81 632 120 Lm.
664 81 760 118 v.11
793 82 1415 120 22-2i.·1.·›1

95 134 437 234 ss‘rifisaiiiisoeret
467 175 577 220 vires
609 189 733 233 quam
770 174 955 233 periculo
984 173 1134 218 ultimo
1174 174 1415 230 temptaret,

93 239 139 284 in
177 239 354 292 tumulo,
391 255 515 296 quem
557 239 793 297 proximum
831 239 980 285 castris
1015 237 1229 281 Gallorum
1263 252 1417 310 capere

93 305 246 362 potuit,
281 303 434 348 vallum
456 361 458 363 v
478 303 629 348 ducere
671 304 811 361 coepit.
875 304 989 348 Gens
1029 301 1149 346 ferox
1180 304 1223 345 et
1258 301 1455 359 ingenii5

92 367 203 412 avidi
230 367 284 412 ad
305 383 488 426 pugnam
519 384 648 426 quum
670 369 816 425 procul
837 368 936 413 visis
965 367 1254 412 Romanorum
1284 367 1415 424 signis

92 436 142 477 ut
173 432 386 490 extemplo
417 432 609 490 proelium
640 433 798 477 initura
828 431 1097 491 explicuisset
1128 431 1271 486 aciem,
1303 436 1415 489 post-

91 512 214 555 quam
255 511 393 554 neque
424 497 467 540 iu
504 513 670 555 aequum
703 496 859 542 dimitti
890 511 1041 555 agmen
1071 494 1176 539 vidit
1207 504 1250 539 et
1284 512 1414 554 quum

89 560 171 606 loci
203 560 425 606 altitudine
461 568 553 605 tum
588 561 696 606 vallo
732 562 858 606 etiam
894 561 1027 619 integi
1061 560 1290 614 Romanos,
1323 575 1412 617 per-

90 625 228 670 culsos
268 641 421 684 pavore
453 631 545 670 rata
584 626 710 670 simul
745 626 1081 683 opportunioreS‚
1115 624 1228 682 quod
1258 625 1412 670 intenti

89 693 179 734 tum
222 691 398 735 maxime
439 691 556 748 operi
595 696 751 742 essent,
782 691 893 735 truci
933 690 1113 735 elamore
1151 689 1409 748 adgreditur.

87 754 156 799 Ab
193 755 394 799 Romanis
426 771 503 800 nec
533 770 639 812 opus
672 754 1155 799 intermissum—triarii
1187 759 1307 799 erant
1339 756 1451 813 qui6

87 819 434 864 muniebant—et
456 819 508 864 ab
536 820 714 864 hastatis
743 820 1098 877 principibusque,
1121 819 1194 877 qui
1221 834 1297 877 pro
1319 835 1411 864 mu-

86 883 294 929 nitoribus
325 884 481 928 intenti
510 884 742 941 armatique
773 888 998 938 steterunt,
1020 883 1211 941 proelium
1241 883 1406 928 initum.

87 947 250 993 Praeter
269 948 470 993 virtutem
501 947 617 993 locus
640 964 806 1006 quoque
838 949 1028 1006 superior
1049 947 1222 1006 adjuvit,
1245 953 1294 993 ut
1324 949 1409 1007 pila
1425 956 1447 996 7

85 1013 224 1057 omnia
263 1013 477 1072 hastaeque
516 1029 602 1058 non
641 1018 855 1072 tamquam
885 1028 939 1057 ex
979 1028 1098 1071 aequo
1128 1013 1256 1058 missa
1285 1029 1405 1068 vana,

84 1077 198 1136 quod
221 1077 467 1137 plerumque
494 1078 555 1133 fit,
576 1077 785 1131 caderent,
809 1077 885 1122 sed
911 1077 1051 1122 omnia
1071 1077 1222 1122 librata
1250 1078 1407 1135 ponde-

83 1141 199 1187 ribus
226 1143 470 1202 figerentur,
497 1143 743 1201 oneratique
771 1142 866 1187 telis
889 1142 1008 1195 Galli,
1033 1142 1184 1200 quibus
1212 1147 1286 1187 aut
1314 1159 1405 1188 cor-

82 1222 186 1265 pora.
215 1208 418 1252 transfixa
452 1212 527 1253 aut
563 1212 826 1280 praegravata
857 1207 1159 1252 inhaerentibus
1199 1208 1404 1266 gerebant

82 1277 216 1325 scuta,
240 1288 370 1331 quum
400 1288 529 1318 cursu
558 1288 676 1331 paene
704 1272 749 1316 in
770 1271 989 1316 adversum
1022 1271 1247 1326 subissent,
1269 1273 1403 1330 primo

80 1335 232 1381 incerti
251 1337 457 1390 restitere,
474 1337 583 1390 dein,
602 1352 733 1396 quum
753 1337 845 1394 ipsa
865 1336 1080 1380 cunctatio
1096 1340 1138 1380 et
1155 1336 1219 1380 his
1242 1337 1402 1382 animos

80 1401 302 1446 minuisset
342 1407 386 1446 et
426 1402 613 1447 auxisset
655 1401 778 1454 hosti,
811 1400 981 1459 impulsi
1020 1407 1134 1445 retro
1170 1416 1291 1446 ruere
1332 1402 1403 1447 alii

80 1480 208 1523 super
248 1466 350 1510 alios
381 1469 649 1525 stragemque
678 1467 791 1510 inter
821 1480 865 1510 se
902 1465 1013 1510 eaede
1053 1466 1145 1521 ipsa
1184 1465 1400 1512 foediorem

79 1529 191 1583 dare,
228 1530 332 1575 adeo
372 1531 578 1589 praecipiti
609 1531 736 1576 turba
766 1530 914 1576 obtriti
951 1529 1092 1588 plures
1126 1546 1251 1588 quam
1288 1532 1400 1576 ferro

78 1595 230 1640 necati.
291 1595 487 1640 Necdum
518 1598 634 1640 certa
665 1595 868 1640 Romanis
894 1595 1070 1640 victoria
1104 1599 1207 1648 erat,
1243 1596 1324 1640 alia
1355 1597 1398 1640 in
1419 1601 1523 1653 (24)

77 1674 270 1717 eampum
291 1660 500 1718 degressis
531 1662 749 1718 supererat
776 1659 934 1704 moles:
966 1675 1147 1717 namque
1169 1660 1399 1706 multitudo

79 1724 293 1769 Gallorum
314 1740 484 1769 sensum
513 1739 677 1769 omnem
708 1724 805 1768 talis
837 1724 978 1769 damni
1004 1738 1260 1782 exsuperans
1282 1725 1399 1770 velut

76 1803 186 1834 nova
213 1804 360 1834 rursus
391 1789 605 1834 exoriente
635 1788 722 1833 acie
749 1789 963 1847 integrum
991 1788 1166 1833 militem
1197 1788 1398 1834 adversus

75 1854 278 1899 victorem
316 1854 483 1899 hostem
523 1853 687 1899 ciebat:
731 1853 936 1911 stetitque
976 1867 1201 1911 suppresso
1236 1853 1399 1911 impetu

74 1917 306 1974 Romanus,
346 1923 390 1964 et
431 1919 529 1978 quia
567 1919 723 1963 iterum
763 1917 885 1962 sessis
926 1917 1144 1962 subeunda
1184 1917 1398 1964 dimicatio

75 1986 166 2028 erat
186 1987 230 2029 et
250 1983 364 2042 quod
383 1983 542 2036 consul,
559 1983 658 2028 dum
679 1983 790 2027 inter
810 1982 1011 2040 primores
1033 1982 1228 2027 incautus
1249 1984 1399 2041 agitat,

75 2047 179 2094 loevo
206 2049 382 2094 humero
410 2049 562 2093 matari
590 2063 721 2107 prope
751 2051 931 2104 trajecto
959 2051 1144 2092 cesserat
1174 2063 1399 2106 parumper

75 2124 130 2158 ex
148 2113 249 2159 acie.
310 2114 492 2172 Jamque
512 2113 667 2158 omissa
686 2111 924 2158 cunctando
945 2112 1121 2157 victoria
1140 2116 1244 2165 erat,
1267 2128 1399 2171 quum

77 2177 223 2223 consul
241 2178 415 2224 induere
435 2178 620 2238 adligato
647 2181 841 2223 revectus
863 2176 916 2222 ad
942 2176 1078 2235 prima
1103 2177 1225 2236 signa
1247 2177 1397 2232 “Quid

79 2243 181 2307 §1⁸⁸1
195 2242 375 2309 wile-ff
395 2243 562 2317 inquit?
586 2247 710 2299 “non
724 2257 817 2295 eum
839 2242 996 2302 Lat-{no
1017 2241 1254 2317 Sabinoque
1274 2241 1397 2302 hoste
