<?xml version="1.0" encoding="UTF-8"?>
<!DOCTYPE html PUBLIC "-//W3C//DTD XHTML 1.0 Transitional//EN"
    "http://www.w3.org/TR/xhtml1/DTD/xhtml1-transitional.dtd">
<html xmlns="http://www.w3.org/1999/xhtml" xml:lang="en" lang="en">
 <head>
  <title>
</title>
<meta http-equiv="Content-Type" content="text/html;charset=utf-8" />
  <meta name='ocr-system' content='tesseract 3.04.00' />
  <meta name='ocr-capabilities' content='ocr_page ocr_carea ocr_par ocr_line ocrx_word'/>
</head>
<body>
  <div class='ocr_page' id='page_1' title='image "./historiarum00livyuoft_0106.png"; bbox 0 0 1649 2452; ppageno 0'>
   <div class='ocr_carea' id='block_1_1' title="bbox 175 70 1488 166">
    <p class='ocr_par' dir='ltr' id='par_1_1' title="bbox 175 70 1488 166">
     <span class='ocr_line' id='line_1_1' title="bbox 175 70 1488 166; baseline 0 -53"><span class='ocrx_word' id='word_1_1' title='bbox 175 72 250 115; x_wconf 81' lang='grc'><strong>458</strong></span> <span class='ocrx_word' id='word_1_2' title='bbox 488 71 532 113; x_wconf 90' lang='grc' dir='ltr'><strong>Τ.</strong></span> <span class='ocrx_word' id='word_1_3' title='bbox 565 70 713 113; x_wconf 89' lang='lat' dir='ltr'>LIVII</span> <span class='ocrx_word' id='word_1_4' title='bbox 744 70 1164 113; x_wconf 82' lang='lat' dir='ltr'><strong>HISTORIARUM</strong></span> <span class='ocrx_word' id='word_1_5' title='bbox 1285 127 1345 166; x_wconf 83' lang='lat' dir='ltr'><strong>[A</strong></span> <span class='ocrx_word' id='word_1_6' title='bbox 1362 127 1398 159; x_wconf 74' lang='lat' dir='ltr'><strong>c</strong></span> <span class='ocrx_word' id='word_1_7' title='bbox 1414 126 1488 160; x_wconf 63' lang='lat'><strong>34⁰</strong></span> 
     </span>
    </p>
   </div>
   <div class='ocr_carea' id='block_1_2' title="bbox 51 167 1507 1928">
    <p class='ocr_par' dir='ltr' id='par_1_2' title="bbox 110 167 1492 472">
     <span class='ocr_line' id='line_1_2' title="bbox 110 167 1486 227; baseline -0.001 -13"><span class='ocrx_word' id='word_1_8' title='bbox 110 175 158 214; x_wconf 85' lang='lat'><strong>12</strong></span> <span class='ocrx_word' id='word_1_9' title='bbox 172 169 287 214; x_wconf 86' lang='lat' dir='ltr'><strong>dicta</strong></span> <span class='ocrx_word' id='word_1_10' title='bbox 319 167 408 213; x_wconf 88' lang='lat' dir='ltr'><strong>dies</strong></span> <span class='ocrx_word' id='word_1_11' title='bbox 439 170 564 222; x_wconf 87' lang='lat' dir='ltr'><strong>esset,</strong></span> <span class='ocrx_word' id='word_1_12' title='bbox 594 167 834 213; x_wconf 83' lang='lat' dir='ltr'><strong>traduntur.</strong></span> <span class='ocrx_word' id='word_1_13' title='bbox 891 169 950 213; x_wconf 89' lang='lat' dir='ltr'><strong>Et</strong></span> <span class='ocrx_word' id='word_1_14' title='bbox 979 184 1046 213; x_wconf 88' lang='lat' dir='ltr'><strong>res</strong></span> <span class='ocrx_word' id='word_1_15' title='bbox 1076 167 1191 212; x_wconf 89' lang='lat' dir='ltr'><strong>haud</strong></span> <span class='ocrx_word' id='word_1_16' title='bbox 1219 167 1345 212; x_wconf 90' lang='lat' dir='ltr'><strong>ulla</strong></span> <span class='ocrx_word' id='word_1_17' title='bbox 1333 168 1486 227; x_wconf 79' lang='lat' dir='ltr'><strong>insigni</strong></span> 
     </span>
     <span class='ocr_line' id='line_1_3' title="bbox 173 231 1488 290; baseline -0.001 -12"><span class='ocrx_word' id='word_1_18' title='bbox 173 233 227 278; x_wconf 90' lang='lat' dir='ltr'><strong>ad</strong></span> <span class='ocrx_word' id='word_1_19' title='bbox 261 232 503 278; x_wconf 84' lang='lat' dir='ltr'><strong>memoriam</strong></span> <span class='ocrx_word' id='word_1_20' title='bbox 538 247 666 278; x_wconf 87' lang='lat' dir='ltr'><strong>causa</strong></span> <span class='ocrx_word' id='word_1_21' title='bbox 700 231 754 276; x_wconf 83' lang='lat' dir='ltr'><strong>ad</strong></span> <span class='ocrx_word' id='word_1_22' title='bbox 783 232 1074 290; x_wconf 75' lang='lat' dir='ltr'><strong>interregnum</strong></span> <span class='ocrx_word' id='word_1_23' title='bbox 1107 231 1244 277; x_wconf 88' lang='lat' dir='ltr'><strong>redit:</strong></span> <span class='ocrx_word' id='word_1_24' title='bbox 1276 247 1330 277; x_wconf 84' lang='lat' dir='ltr'><strong>ex</strong></span> <span class='ocrx_word' id='word_1_25' title='bbox 1361 232 1488 278; x_wconf 87' lang='lat' dir='ltr'><strong>inter-</strong></span> 
     </span>
     <span class='ocr_line' id='line_1_4' title="bbox 171 296 1492 357; baseline 0.002 -17"><span class='ocrx_word' id='word_1_26' title='bbox 171 301 413 357; x_wconf 88' lang='lat' dir='ltr'><strong>regno—ut</strong></span> <span class='ocrx_word' id='word_1_27' title='bbox 443 297 486 342; x_wconf 89' lang='lat' dir='ltr'><strong>id</strong></span> <span class='ocrx_word' id='word_1_28' title='bbox 515 300 655 342; x_wconf 89' lang='lat' dir='ltr'><strong>actum</strong></span> <span class='ocrx_word' id='word_1_29' title='bbox 682 296 816 342; x_wconf 88' lang='lat' dir='ltr'><strong>videri</strong></span> <span class='ocrx_word' id='word_1_30' title='bbox 844 297 1167 356; x_wconf 86' lang='lat' dir='ltr'><strong>posset—ambo</strong></span> <span class='ocrx_word' id='word_1_31' title='bbox 1197 297 1364 356; x_wconf 86' lang='lat' dir='ltr'><strong>patricii</strong></span> <span class='ocrx_word' id='word_1_32' title='bbox 1393 312 1492 342; x_wconf 92' lang='lat' dir='ltr'><strong>con-</strong></span> 
     </span>
     <span class='ocr_line' id='line_1_5' title="bbox 172 361 1491 408; baseline -0.001 -1"><span class='ocrx_word' id='word_1_33' title='bbox 172 363 286 407; x_wconf 79' lang='lat' dir='ltr'><strong>sules</strong></span> <span class='ocrx_word' id='word_1_34' title='bbox 317 363 447 408; x_wconf 89' lang='lat' dir='ltr'><strong>creati</strong></span> <span class='ocrx_word' id='word_1_35' title='bbox 477 365 577 406; x_wconf 91' lang='lat' dir='ltr'><strong>sunt</strong></span> <span class='ocrx_word' id='word_1_36' title='bbox 604 361 667 405; x_wconf 88' lang='lat' dir='ltr'><strong>M.</strong></span> <span class='ocrx_word' id='word_1_37' title='bbox 689 361 884 407; x_wconf 88' lang='lat' dir='ltr'><strong>Valerius</strong></span> <span class='ocrx_word' id='word_1_38' title='bbox 917 362 1080 408; x_wconf 84' lang='lat' dir='ltr'><strong>Corvus</strong></span> <span class='ocrx_word' id='word_1_39' title='bbox 1110 362 1287 407; x_wconf 85' lang='lat' dir='ltr'><strong>tertium</strong></span> <span class='ocrx_word' id='word_1_40' title='bbox 1313 363 1367 408; x_wconf 65' lang='lat' dir='ltr'><strong>A„</strong></span> <span class='ocrx_word' id='word_1_41' title='bbox 1390 362 1491 407; x_wconf 89' lang='lat' dir='ltr'><strong>Cor-</strong></span> 
     </span>
     <span class='ocr_line' id='line_1_6' title="bbox 172 426 501 472; baseline 0 -1"><span class='ocrx_word' id='word_1_42' title='bbox 172 427 308 472; x_wconf 88' lang='lat' dir='ltr'><strong>nelius</strong></span> <span class='ocrx_word' id='word_1_43' title='bbox 330 426 501 471; x_wconf 85' lang='lat' dir='ltr'>Cossus.</span> 
     </span>
    </p>

    <p class='ocr_par' dir='ltr' id='par_1_3' title="bbox 51 485 1507 1915">
     <span class='ocr_line' id='line_1_7' title="bbox 51 485 1492 549; baseline 0.001 -15"><span class='ocrx_word' id='word_1_44' title='bbox 51 485 155 537; x_wconf 84' lang='grc'>(29)</span> <span class='ocrx_word' id='word_1_45' title='bbox 233 491 402 549; x_wconf 85' lang='lat' dir='ltr'><strong>Majora</strong></span> <span class='ocrx_word' id='word_1_46' title='bbox 431 491 518 549; x_wconf 88' lang='lat' dir='ltr'><strong>jam</strong></span> <span class='ocrx_word' id='word_1_47' title='bbox 552 490 651 535; x_wconf 86' lang='lat' dir='ltr'><strong>hinc</strong></span> <span class='ocrx_word' id='word_1_48' title='bbox 684 489 792 535; x_wconf 87' lang='lat' dir='ltr'><strong>belia</strong></span> <span class='ocrx_word' id='word_1_49' title='bbox 827 493 870 536; x_wconf 91' lang='grc'><strong>01</strong></span> <span class='ocrx_word' id='word_1_50' title='bbox 904 490 1063 537; x_wconf 88' lang='lat' dir='ltr'><strong>viribus</strong></span> <span class='ocrx_word' id='word_1_51' title='bbox 1098 491 1285 536; x_wconf 90' lang='lat' dir='ltr'><strong>hostium</strong></span> <span class='ocrx_word' id='word_1_52' title='bbox 1319 493 1364 536; x_wconf 90' lang='lat' dir='ltr'><strong>et</strong></span> <span class='ocrx_word' id='word_1_53' title='bbox 1402 489 1492 535; x_wconf 92' lang='lat' dir='ltr'><strong>lon-</strong></span> 
     </span>
     <span class='ocr_line' id='line_1_8' title="bbox 175 555 1491 615; baseline 0.001 -15"><span class='ocrx_word' id='word_1_54' title='bbox 175 556 412 614; x_wconf 87' lang='lat' dir='ltr'><strong>ginquitate</strong></span> <span class='ocrx_word' id='word_1_55' title='bbox 444 555 510 600; x_wconf 83' lang='lat' dir='ltr'><strong>vel</strong></span> <span class='ocrx_word' id='word_1_56' title='bbox 544 556 764 614; x_wconf 87' lang='lat' dir='ltr'><strong>regionum</strong></span> <span class='ocrx_word' id='word_1_57' title='bbox 798 555 866 600; x_wconf 87' lang='lat' dir='ltr'><strong>vel</strong></span> <span class='ocrx_word' id='word_1_58' title='bbox 898 558 1136 614; x_wconf 91' lang='lat' dir='ltr'><strong>temporum</strong></span> <span class='ocrx_word' id='word_1_59' title='bbox 1172 556 1308 614; x_wconf 85' lang='lat' dir='ltr'><strong>spatio</strong></span> <span class='ocrx_word' id='word_1_60' title='bbox 1339 556 1491 615; x_wconf 89' lang='lat' dir='ltr'><strong>quibus</strong></span> 
     </span>
     <span class='ocr_line' id='line_1_9' title="bbox 137 619 1493 679; baseline 0.001 -15"><span class='ocrx_word' id='word_1_61' title='bbox 137 620 374 665; x_wconf 87' lang='lat' dir='ltr'><strong>2bellatum</strong></span> <span class='ocrx_word' id='word_1_62' title='bbox 414 625 479 664; x_wconf 88' lang='lat' dir='ltr'><strong>est</strong></span> <span class='ocrx_word' id='word_1_63' title='bbox 521 620 726 664; x_wconf 90' lang='lat' dir='ltr'><strong>dicentur.</strong></span> <span class='ocrx_word' id='word_1_64' title='bbox 807 620 1004 679; x_wconf 82' lang='lat' dir='ltr'><strong>Namque</strong></span> <span class='ocrx_word' id='word_1_65' title='bbox 1046 636 1096 665; x_wconf 91' lang='lat' dir='ltr'><strong>eo</strong></span> <span class='ocrx_word' id='word_1_66' title='bbox 1143 636 1251 666; x_wconf 90' lang='lat' dir='ltr'><strong>anno</strong></span> <span class='ocrx_word' id='word_1_67' title='bbox 1292 619 1493 666; x_wconf 88' lang='lat' dir='ltr'><strong>adversus</strong></span> 
     </span>
     <span class='ocr_line' id='line_1_10' title="bbox 176 684 1492 744; baseline 0.002 -16"><span class='ocrx_word' id='word_1_68' title='bbox 176 685 383 729; x_wconf 84' lang='lat' dir='ltr'><strong>Samnites</strong></span> <span class='ocrx_word' id='word_1_69' title='bbox 404 687 573 742; x_wconf 79' lang='lat' dir='ltr'><strong>gentem</strong></span> <span class='ocrx_word' id='word_1_70' title='bbox 597 685 746 743; x_wconf 91' lang='lat' dir='ltr'><strong>opibus</strong></span> <span class='ocrx_word' id='word_1_71' title='bbox 769 685 978 744; x_wconf 90' lang='lat' dir='ltr'><strong>armisque</strong></span> <span class='ocrx_word' id='word_1_72' title='bbox 1005 684 1184 730; x_wconf 87' lang='lat' dir='ltr'><strong>validam</strong></span> <span class='ocrx_word' id='word_1_73' title='bbox 1210 690 1326 730; x_wconf 92' lang='lat' dir='ltr'><strong>mota</strong></span> <span class='ocrx_word' id='word_1_74' title='bbox 1353 701 1492 730; x_wconf 85' lang='lat' dir='ltr'><strong>arma:</strong></span> 
     </span>
     <span class='ocr_line' id='line_1_11' title="bbox 176 748 1495 808; baseline 0.001 -15"><span class='ocrx_word' id='word_1_75' title='bbox 176 749 426 793; x_wconf 80' lang='lat' dir='ltr'><strong>Samnitium</strong></span> <span class='ocrx_word' id='word_1_76' title='bbox 447 748 603 793; x_wconf 90' lang='lat' dir='ltr'><strong>bellum</strong></span> <span class='ocrx_word' id='word_1_77' title='bbox 624 749 798 807; x_wconf 89' lang='lat' dir='ltr'><strong>ancipiti</strong></span> <span class='ocrx_word' id='word_1_78' title='bbox 824 749 967 794; x_wconf 87' lang='lat' dir='ltr'><strong>Marte</strong></span> <span class='ocrx_word' id='word_1_79' title='bbox 988 754 1158 808; x_wconf 90' lang='lat' dir='ltr'><strong>gestum</strong></span> <span class='ocrx_word' id='word_1_80' title='bbox 1181 750 1370 808; x_wconf 80' lang='lat' dir='ltr'><strong>Pyrrhus</strong></span> <span class='ocrx_word' id='word_1_81' title='bbox 1397 750 1495 794; x_wconf 92' lang='lat' dir='ltr'><strong>hos-</strong></span> 
     </span>
     <span class='ocr_line' id='line_1_12' title="bbox 136 813 1495 873; baseline 0.002 -17"><span class='ocrx_word' id='word_1_82' title='bbox 136 818 158 854; x_wconf 81' lang='grc'><strong>3</strong></span> <span class='ocrx_word' id='word_1_83' title='bbox 173 814 243 865; x_wconf 88' lang='lat' dir='ltr'><strong>tis,</strong></span> <span class='ocrx_word' id='word_1_84' title='bbox 259 813 471 871; x_wconf 77' lang='lat' dir='ltr'><strong>Pyrrhum</strong></span> <span class='ocrx_word' id='word_1_85' title='bbox 486 814 608 859; x_wconf 87' lang='lat' dir='ltr'><strong>Poeni</strong></span> <span class='ocrx_word' id='word_1_86' title='bbox 628 814 810 872; x_wconf 89' lang='lat' dir='ltr'><strong>sequuti.</strong></span> <span class='ocrx_word' id='word_1_87' title='bbox 853 814 1028 863; x_wconf 76' lang='lat' dir='ltr'><strong>Quanta</strong></span> <span class='ocrx_word' id='word_1_88' title='bbox 1046 830 1188 859; x_wconf 89' lang='lat' dir='ltr'><strong>rerum</strong></span> <span class='ocrx_word' id='word_1_89' title='bbox 1208 814 1363 859; x_wconf 90' lang='lat' dir='ltr'><strong>moles!</strong></span> <span class='ocrx_word' id='word_1_90' title='bbox 1395 829 1495 873; x_wconf 91' lang='lat' dir='ltr'><strong>quo·</strong></span> 
     </span>
     <span class='ocr_line' id='line_1_13' title="bbox 172 878 1497 937; baseline 0 -14"><span class='ocrx_word' id='word_1_91' title='bbox 172 878 284 923; x_wconf 88' lang='lat' dir='ltr'><strong>tiens</strong></span> <span class='ocrx_word' id='word_1_92' title='bbox 304 878 349 921; x_wconf 89' lang='lat' dir='ltr'><strong>in</strong></span> <span class='ocrx_word' id='word_1_93' title='bbox 370 882 558 922; x_wconf 85' lang='lat' dir='ltr'><strong>extrema</strong></span> <span class='ocrx_word' id='word_1_94' title='bbox 584 879 866 936; x_wconf 87' lang='lat' dir='ltr'><strong>periculorum</strong></span> <span class='ocrx_word' id='word_1_95' title='bbox 885 882 1072 932; x_wconf 88' lang='lat' dir='ltr'><strong>ventum,</strong></span> <span class='ocrx_word' id='word_1_96' title='bbox 1095 885 1145 923; x_wconf 85' lang='lat' dir='ltr'><strong>nt</strong></span> <span class='ocrx_word' id='word_1_97' title='bbox 1173 879 1219 923; x_wconf 90' lang='grc'><strong>111</strong></span> <span class='ocrx_word' id='word_1_98' title='bbox 1244 879 1354 924; x_wconf 83' lang='lat' dir='ltr'><strong>hanc</strong></span> <span class='ocrx_word' id='word_1_99' title='bbox 1379 893 1497 937; x_wconf 86' lang='lat' dir='ltr'><strong>mag-</strong></span> 
     </span>
     <span class='ocr_line' id='line_1_14' title="bbox 173 943 1494 1002; baseline 0 -14"><span class='ocrx_word' id='word_1_100' title='bbox 173 943 420 996; x_wconf 86' lang='lat' dir='ltr'><strong>nitud&#39;mem,</strong></span> <span class='ocrx_word' id='word_1_101' title='bbox 445 959 538 1001; x_wconf 84' lang='lat' dir='ltr'><strong>quae</strong></span> <span class='ocrx_word' id='word_1_102' title='bbox 564 944 636 987; x_wconf 77' lang='lat' dir='ltr'><strong>vix</strong></span> <span class='ocrx_word' id='word_1_103' title='bbox 663 944 911 997; x_wconf 84' lang='lat' dir='ltr'><strong>sustinetur,</strong></span> <span class='ocrx_word' id='word_1_104' title='bbox 936 944 1042 1001; x_wconf 85' lang='lat' dir='ltr'><strong>erigi</strong></span> <span class='ocrx_word' id='word_1_105' title='bbox 1071 945 1294 1002; x_wconf 87' lang='lat' dir='ltr'><strong>imperium</strong></span> <span class='ocrx_word' id='word_1_106' title='bbox 1320 945 1494 1002; x_wconf 85' lang='lat' dir='ltr'><strong>posset!</strong></span> 
     </span>
     <span class='ocr_line' id='line_1_15' title="bbox 176 1008 1499 1067; baseline 0 -14"><span class='ocrx_word' id='word_1_107' title='bbox 176 1008 282 1053; x_wconf 89' lang='lat' dir='ltr'><strong>Belli</strong></span> <span class='ocrx_word' id='word_1_108' title='bbox 301 1013 443 1053; x_wconf 82' lang='lat' dir='ltr'><strong>autem</strong></span> <span class='ocrx_word' id='word_1_109' title='bbox 460 1023 585 1054; x_wconf 86' lang='lat' dir='ltr'><strong>causa</strong></span> <span class='ocrx_word' id='word_1_110' title='bbox 601 1023 696 1055; x_wconf 88' lang='lat' dir='ltr'><strong>cum</strong></span> <span class='ocrx_word' id='word_1_111' title='bbox 715 1009 974 1054; x_wconf 87' lang='lat' dir='ltr'><strong>Samnitibus</strong></span> <span class='ocrx_word' id='word_1_112' title='bbox 990 1009 1207 1063; x_wconf 82' lang='lat' dir='ltr'><strong>Romanis,</strong></span> <span class='ocrx_word' id='word_1_113' title='bbox 1221 1025 1351 1067; x_wconf 92' lang='lat' dir='ltr'><strong>quum</strong></span> <span class='ocrx_word' id='word_1_114' title='bbox 1367 1008 1499 1053; x_wconf 85' lang='lat' dir='ltr'><strong>socie-</strong></span> 
     </span>
     <span class='ocr_line' id='line_1_16' title="bbox 175 1073 1498 1133; baseline 0.001 -17"><span class='ocrx_word' id='word_1_115' title='bbox 175 1076 266 1117; x_wconf 84' lang='lat' dir='ltr'><strong>tate</strong></span> <span class='ocrx_word' id='word_1_116' title='bbox 298 1073 566 1132; x_wconf 85' lang='lat' dir='ltr'><strong>amicitiaque</strong></span> <span class='ocrx_word' id='word_1_117' title='bbox 596 1074 736 1133; x_wconf 89' lang='lat' dir='ltr'><strong>juncti</strong></span> <span class='ocrx_word' id='word_1_118' title='bbox 770 1079 924 1130; x_wconf 85' lang='lat' dir='ltr'><strong>essent,</strong></span> <span class='ocrx_word' id='word_1_119' title='bbox 956 1074 1220 1119; x_wconf 82' lang='lat' dir='ltr'><strong>extrinsecus</strong></span> <span class='ocrx_word' id='word_1_120' title='bbox 1249 1073 1380 1127; x_wconf 82' lang='lat' dir='ltr'><strong>venit,</strong></span> <span class='ocrx_word' id='word_1_121' title='bbox 1412 1088 1498 1117; x_wconf 90' lang='lat' dir='ltr'><strong>non</strong></span> 
     </span>
     <span class='ocr_line' id='line_1_17' title="bbox 179 1203 1501 1264; baseline 0.002 -18"><span class='ocrx_word' id='word_1_122' title='bbox 179 1203 276 1261; x_wconf 87' lang='lat' dir='ltr'><strong>quia</strong></span> <span class='ocrx_word' id='word_1_123' title='bbox 316 1204 476 1249; x_wconf 86' lang='lat' dir='ltr'><strong>viribus</strong></span> <span class='ocrx_word' id='word_1_124' title='bbox 517 1205 612 1263; x_wconf 90' lang='lat' dir='ltr'><strong>plus</strong></span> <span class='ocrx_word' id='word_1_125' title='bbox 655 1207 851 1263; x_wconf 86' lang='lat' dir='ltr'><strong>poterant</strong></span> <span class='ocrx_word' id='word_1_126' title='bbox 892 1221 1023 1264; x_wconf 89' lang='lat' dir='ltr'><strong>quum</strong></span> <span class='ocrx_word' id='word_1_127' title='bbox 1063 1204 1323 1256; x_wconf 81' lang='lat' dir='ltr'><strong>intulissent,</strong></span> <span class='ocrx_word' id='word_1_128' title='bbox 1364 1203 1501 1249; x_wconf 88' lang='lat' dir='ltr'><strong>coacti</strong></span> 
     </span>
     <span class='ocr_line' id='line_1_18' title="bbox 177 1268 1499 1330; baseline 0.002 -19"><span class='ocrx_word' id='word_1_129' title='bbox 177 1268 322 1326; x_wconf 87' lang='lat' dir='ltr'><strong>inopes</strong></span> <span class='ocrx_word' id='word_1_130' title='bbox 354 1269 408 1313; x_wconf 90' lang='lat' dir='ltr'><strong>ad</strong></span> <span class='ocrx_word' id='word_1_131' title='bbox 438 1269 750 1328; x_wconf 83' lang='lat' dir='ltr'><strong>opulentiorum</strong></span> <span class='ocrx_word' id='word_1_132' title='bbox 780 1269 983 1314; x_wconf 83' lang='lat' dir='ltr'><strong>auxilium</strong></span> <span class='ocrx_word' id='word_1_133' title='bbox 1013 1270 1241 1330; x_wconf 70' lang='lat' dir='ltr'><strong>confugere</strong></span> <span class='ocrx_word' id='word_1_134' title='bbox 1272 1269 1499 1328; x_wconf 86' lang='lat' dir='ltr'><strong>Campanis</strong></span> 
     </span>
     <span class='ocr_line' id='line_1_19' title="bbox 139 1333 1500 1393; baseline -0.001 -14"><span class='ocrx_word' id='word_1_135' title='bbox 139 1342 162 1379; x_wconf 87' lang='lat'><em>5</em></span> <span class='ocrx_word' id='word_1_136' title='bbox 180 1348 269 1377; x_wconf 84' lang='lat' dir='ltr'><strong>sese</strong></span> <span class='ocrx_word' id='word_1_137' title='bbox 292 1336 569 1393; x_wconf 89' lang='lat' dir='ltr'><strong>conjungunt.</strong></span> <span class='ocrx_word' id='word_1_138' title='bbox 633 1334 836 1393; x_wconf 85' lang='lat' dir='ltr'><strong>Campani</strong></span> <span class='ocrx_word' id='word_1_139' title='bbox 856 1335 990 1392; x_wconf 88' lang='lat' dir='ltr'><strong>magis</strong></span> <span class='ocrx_word' id='word_1_140' title='bbox 1011 1350 1165 1379; x_wconf 87' lang='lat' dir='ltr'><strong>nomen</strong></span> <span class='ocrx_word' id='word_1_141' title='bbox 1186 1334 1239 1379; x_wconf 90' lang='lat' dir='ltr'><strong>ad</strong></span> <span class='ocrx_word' id='word_1_142' title='bbox 1258 1333 1500 1393; x_wconf 86' lang='lat' dir='ltr'><strong>praesidium</strong></span> 
     </span>
     <span class='ocr_line' id='line_1_20' title="bbox 180 1398 1502 1458; baseline 0.003 -17"><span class='ocrx_word' id='word_1_143' title='bbox 180 1398 388 1442; x_wconf 84' lang='lat' dir='ltr'><strong>sociorum</strong></span> <span class='ocrx_word' id='word_1_144' title='bbox 425 1414 549 1457; x_wconf 89' lang='lat' dir='ltr'><strong>quam</strong></span> <span class='ocrx_word' id='word_1_145' title='bbox 578 1399 688 1444; x_wconf 85' lang='lat' dir='ltr'><strong>vires</strong></span> <span class='ocrx_word' id='word_1_146' title='bbox 725 1416 856 1458; x_wconf 89' lang='lat' dir='ltr'><strong>quum</strong></span> <span class='ocrx_word' id='word_1_147' title='bbox 887 1399 1152 1454; x_wconf 86' lang='lat' dir='ltr'><strong>adtulissent,</strong></span> <span class='ocrx_word' id='word_1_148' title='bbox 1186 1401 1365 1445; x_wconf 88' lang='lat' dir='ltr'><strong>fluentes</strong></span> <span class='ocrx_word' id='word_1_149' title='bbox 1395 1399 1502 1445; x_wconf 81' lang='lat' dir='ltr'><strong>luxu</strong></span> 
     </span>
     <span class='ocr_line' id='line_1_21' title="bbox 180 1462 1502 1524; baseline 0.002 -17"><span class='ocrx_word' id='word_1_150' title='bbox 180 1462 231 1507; x_wconf 89' lang='lat' dir='ltr'><strong>ab</strong></span> <span class='ocrx_word' id='word_1_151' title='bbox 268 1462 430 1508; x_wconf 85' lang='lat' dir='ltr'><strong>duratis</strong></span> <span class='ocrx_word' id='word_1_152' title='bbox 464 1479 546 1508; x_wconf 90' lang='lat' dir='ltr'><strong>usu</strong></span> <span class='ocrx_word' id='word_1_153' title='bbox 576 1479 787 1508; x_wconf 85' lang='lat' dir='ltr'><strong>armorum</strong></span> <span class='ocrx_word' id='word_1_154' title='bbox 815 1465 861 1509; x_wconf 87' lang='lat' dir='ltr'><strong>in</strong></span> <span class='ocrx_word' id='word_1_155' title='bbox 893 1464 1076 1509; x_wconf 87' lang='lat' dir='ltr'><strong>Sidicino</strong></span> <span class='ocrx_word' id='word_1_156' title='bbox 1106 1464 1218 1523; x_wconf 89' lang='lat' dir='ltr'><strong>pulsi</strong></span> <span class='ocrx_word' id='word_1_157' title='bbox 1247 1480 1349 1524; x_wconf 86' lang='lat' dir='ltr'><strong>agro</strong></span> <span class='ocrx_word' id='word_1_158' title='bbox 1378 1464 1424 1509; x_wconf 93' lang='lat' dir='ltr'><strong>in</strong></span> <span class='ocrx_word' id='word_1_159' title='bbox 1453 1479 1502 1510; x_wconf 87' lang='lat' dir='ltr'><strong>se</strong></span> 
     </span>
     <span class='ocr_line' id='line_1_22' title="bbox 180 1528 1503 1590; baseline 0.002 -17"><span class='ocrx_word' id='word_1_160' title='bbox 180 1528 329 1574; x_wconf 90' lang='lat' dir='ltr'><strong>deinde</strong></span> <span class='ocrx_word' id='word_1_161' title='bbox 364 1529 516 1574; x_wconf 91' lang='lat' dir='ltr'><strong>molem</strong></span> <span class='ocrx_word' id='word_1_162' title='bbox 550 1545 717 1575; x_wconf 92' lang='lat' dir='ltr'><strong>omnem</strong></span> <span class='ocrx_word' id='word_1_163' title='bbox 756 1529 855 1575; x_wconf 79' lang='lat' dir='ltr'><strong>belli</strong></span> <span class='ocrx_word' id='word_1_164' title='bbox 894 1534 1139 1575; x_wconf 77' lang='lat' dir='ltr'><strong>verterunt:</strong></span> <span class='ocrx_word' id='word_1_165' title='bbox 1171 1547 1351 1590; x_wconf 89' lang='lat' dir='ltr'><strong>namque</strong></span> <span class='ocrx_word' id='word_1_166' title='bbox 1388 1532 1503 1575; x_wconf 89' lang='lat' dir='ltr'><strong>Sam·</strong></span> 
     </span>
     <span class='ocr_line' id='line_1_23' title="bbox 179 1593 1505 1652; baseline 0.003 -15"><span class='ocrx_word' id='word_1_167' title='bbox 179 1593 290 1638; x_wconf 86' lang='lat' dir='ltr'><strong>nites</strong></span> <span class='ocrx_word' id='word_1_168' title='bbox 321 1595 486 1639; x_wconf 90' lang='lat' dir='ltr'><strong>omissis</strong></span> <span class='ocrx_word' id='word_1_169' title='bbox 519 1594 712 1640; x_wconf 86' lang='lat' dir='ltr'><strong>Sidicinis</strong></span> <span class='ocrx_word' id='word_1_170' title='bbox 742 1595 877 1652; x_wconf 84' lang='lat' dir='ltr'><strong>ipsam</strong></span> <span class='ocrx_word' id='word_1_171' title='bbox 908 1611 1043 1641; x_wconf 88' lang='lat' dir='ltr'><strong>arcem</strong></span> <span class='ocrx_word' id='word_1_172' title='bbox 1076 1596 1348 1641; x_wconf 87' lang='lat' dir='ltr'><strong>finitimorum</strong></span> <span class='ocrx_word' id='word_1_173' title='bbox 1380 1596 1505 1641; x_wconf 88' lang='lat' dir='ltr'><strong>Cam-</strong></span> 
     </span>
     <span class='ocr_line' id='line_1_24' title="bbox 180 1658 1505 1720; baseline 0.003 -18"><span class='ocrx_word' id='word_1_174' title='bbox 180 1673 310 1715; x_wconf 89' lang='lat' dir='ltr'><strong>panos</strong></span> <span class='ocrx_word' id='word_1_175' title='bbox 347 1658 497 1715; x_wconf 87' lang='lat' dir='ltr'><strong>adorti,</strong></span> <span class='ocrx_word' id='word_1_176' title='bbox 528 1659 639 1704; x_wconf 92' lang='lat' dir='ltr'><strong>unde</strong></span> <span class='ocrx_word' id='word_1_177' title='bbox 671 1676 788 1718; x_wconf 83' lang='lat' dir='ltr'><strong>aeque</strong></span> <span class='ocrx_word' id='word_1_178' title='bbox 817 1660 951 1706; x_wconf 82' lang='lat' dir='ltr'><strong>facilis</strong></span> <span class='ocrx_word' id='word_1_179' title='bbox 982 1661 1159 1707; x_wconf 87' lang='lat' dir='ltr'><strong>victoria</strong></span> <span class='ocrx_word' id='word_1_180' title='bbox 1187 1662 1338 1720; x_wconf 82' lang='lat' dir='ltr'><strong>praedae</strong></span> <span class='ocrx_word' id='word_1_181' title='bbox 1376 1668 1505 1720; x_wconf 84' lang='lat' dir='ltr'><strong>atque</strong></span> 
     </span>
     <span class='ocr_line' id='line_1_25' title="bbox 181 1723 1507 1786; baseline 0.002 -19"><span class='ocrx_word' id='word_1_182' title='bbox 181 1723 324 1781; x_wconf 83' lang='lat' dir='ltr'><strong>gloriae</strong></span> <span class='ocrx_word' id='word_1_183' title='bbox 344 1724 440 1782; x_wconf 88' lang='lat' dir='ltr'><strong>plus</strong></span> <span class='ocrx_word' id='word_1_184' title='bbox 462 1729 587 1778; x_wconf 90' lang='lat' dir='ltr'><strong>esset,</strong></span> <span class='ocrx_word' id='word_1_185' title='bbox 605 1725 746 1769; x_wconf 84' lang='lat' dir='ltr'><strong>Tifata</strong></span> <span class='ocrx_word' id='word_1_186' title='bbox 765 1725 1032 1771; x_wconf 89' lang='lat' dir='ltr'><strong>imminentes</strong></span> <span class='ocrx_word' id='word_1_187' title='bbox 1049 1726 1204 1786; x_wconf 86' lang='lat' dir='ltr'><strong>Capuae</strong></span> <span class='ocrx_word' id='word_1_188' title='bbox 1226 1726 1351 1772; x_wconf 90' lang='lat' dir='ltr'><strong>colles</strong></span> <span class='ocrx_word' id='word_1_189' title='bbox 1374 1742 1507 1785; x_wconf 91' lang='lat' dir='ltr'><strong>quum</strong></span> 
     </span>
     <span class='ocr_line' id='line_1_26' title="bbox 180 1788 1506 1850; baseline 0.003 -18"><span class='ocrx_word' id='word_1_190' title='bbox 180 1788 374 1845; x_wconf 71' lang='lat' dir='ltr'><strong>praesidio</strong></span> <span class='ocrx_word' id='word_1_191' title='bbox 404 1789 524 1834; x_wconf 90' lang='lat' dir='ltr'><strong>firmo</strong></span> <span class='ocrx_word' id='word_1_192' title='bbox 554 1791 843 1848; x_wconf 65' lang='lat' dir='ltr'><strong>occupassent,</strong></span> <span class='ocrx_word' id='word_1_193' title='bbox 877 1790 1137 1836; x_wconf 89' lang='lat' dir='ltr'><strong>descendunt</strong></span> <span class='ocrx_word' id='word_1_194' title='bbox 1166 1791 1263 1836; x_wconf 90' lang='lat' dir='ltr'><strong>inde</strong></span> <span class='ocrx_word' id='word_1_195' title='bbox 1299 1790 1506 1850; x_wconf 86' lang='lat' dir='ltr'><strong>quadrato</strong></span> 
     </span>
     <span class='ocr_line' id='line_1_27' title="bbox 182 1853 1504 1928; baseline 0.003 -32"><span class='ocrx_word' id='word_1_196' title='bbox 182 1853 346 1910; x_wconf 86' lang='lat' dir='ltr'><strong>agmine</strong></span> <span class='ocrx_word' id='word_1_197' title='bbox 366 1853 411 1898; x_wconf 91' lang='lat' dir='ltr'><strong>in</strong></span> <span class='ocrx_word' id='word_1_198' title='bbox 431 1854 659 1928; x_wconf 84' lang='lat' dir='ltr'><strong>planitiem,</strong></span> <span class='ocrx_word' id='word_1_199' title='bbox 684 1871 777 1914; x_wconf 79' lang='lat' dir='ltr'><strong>quae</strong></span> <span class='ocrx_word' id='word_1_200' title='bbox 799 1855 987 1914; x_wconf 87' lang='lat' dir='ltr'><strong>Capuam</strong></span> <span class='ocrx_word' id='word_1_201' title='bbox 1006 1856 1227 1915; x_wconf 83' lang='lat' dir='ltr'><strong>Tifataque</strong></span> <span class='ocrx_word' id='word_1_202' title='bbox 1247 1855 1360 1900; x_wconf 89' lang='lat' dir='ltr'><strong>inter</strong></span> <span class='ocrx_word' id='word_1_203' title='bbox 1377 1856 1504 1914; x_wconf 86' lang='lat' dir='ltr'><strong>jacet.</strong></span> 
     </span>
    </p>
   </div>
   <div class='ocr_carea' id='block_1_3' title="bbox 143 1917 1507 2052">
    <p class='ocr_par' dir='ltr' id='par_1_4' title="bbox 143 1917 1507 2038">
     <span class='ocr_line' id='line_1_28' title="bbox 143 1917 1507 1988; baseline 0.004 -28"><span class='ocrx_word' id='word_1_204' title='bbox 143 1923 164 1960; x_wconf 89' lang='grc'>6</span> <span class='ocrx_word' id='word_1_205' title='bbox 182 1917 251 1961; x_wconf 90' lang='lat' dir='ltr'><strong>Ibi</strong></span> <span class='ocrx_word' id='word_1_206' title='bbox 277 1934 424 1963; x_wconf 88' lang='lat' dir='ltr'><strong>rursus</strong></span> <span class='ocrx_word' id='word_1_207' title='bbox 453 1919 540 1964; x_wconf 89' lang='lat' dir='ltr'><strong>acie</strong></span> <span class='ocrx_word' id='word_1_208' title='bbox 569 1921 823 1976; x_wconf 85' lang='lat' dir='ltr'><strong>dimicatum,</strong></span> <span class='ocrx_word' id='word_1_209' title='bbox 847 1921 1104 1980; x_wconf 84' lang='lat' dir='ltr'><strong>adversoque</strong></span> <span class='ocrx_word' id='word_1_210' title='bbox 1129 1921 1273 1988; x_wconf 67' lang='grc'><strong>111-(0110</strong></span> <span class='ocrx_word' id='word_1_211' title='bbox 1302 1920 1507 1979; x_wconf 88' lang='lat' dir='ltr'><strong>Campani</strong></span> 
     </span>
     <span class='ocr_line' id='line_1_29' title="bbox 183 1976 1506 2052; baseline 0.004 -33"><span class='ocrx_word' id='word_1_212' title='bbox 183 1976 297 2020; x_wconf 84' lang='lat' dir='ltr'><strong>intra</strong></span> <span class='ocrx_word' id='word_1_213' title='bbox 337 1978 489 2022; x_wconf 73' lang='lat' dir='ltr'><strong>moenia</strong></span> <span class='ocrx_word' id='word_1_214' title='bbox 530 1979 747 2052; x_wconf 83' lang='lat' dir='ltr'><strong>compulsi,</strong></span> <span class='ocrx_word' id='word_1_215' title='bbox 784 1996 915 2038; x_wconf 85' lang='lat' dir='ltr'><strong>quum</strong></span> <span class='ocrx_word' id='word_1_216' title='bbox 954 1980 1102 2025; x_wconf 86' lang='lat' dir='ltr'><strong>robore</strong></span> <span class='ocrx_word' id='word_1_217' title='bbox 1137 1980 1377 2038; x_wconf 84' lang='lat' dir='ltr'><strong>juventutis</strong></span> <span class='ocrx_word' id='word_1_218' title='bbox 1418 1995 1506 2024; x_wconf 83' lang='lat' dir='ltr'><strong>suae</strong></span> 
     </span>
    </p>
   </div>
   <div class='ocr_carea' id='block_1_4' title="bbox 58 2041 1507 2234">
    <p class='ocr_par' dir='ltr' id='par_1_5' title="bbox 58 2041 1507 2234">
     <span class='ocr_line' id='line_1_30' title="bbox 185 2041 1507 2103; baseline 0.005 -19"><span class='ocrx_word' id='word_1_219' title='bbox 185 2041 320 2085; x_wconf 89' lang='lat' dir='ltr'><strong>acciso</strong></span> <span class='ocrx_word' id='word_1_220' title='bbox 351 2043 465 2086; x_wconf 86' lang='lat' dir='ltr'><strong>nulla</strong></span> <span class='ocrx_word' id='word_1_221' title='bbox 495 2044 729 2103; x_wconf 86' lang='lat' dir='ltr'><strong>propinqua</strong></span> <span class='ocrx_word' id='word_1_222' title='bbox 759 2060 854 2103; x_wconf 90' lang='lat' dir='ltr'><strong>spes</strong></span> <span class='ocrx_word' id='word_1_223' title='bbox 885 2048 1009 2100; x_wconf 89' lang='lat' dir='ltr'><strong>esset,</strong></span> <span class='ocrx_word' id='word_1_224' title='bbox 1037 2046 1172 2090; x_wconf 82' lang='lat' dir='ltr'><strong>coacti</strong></span> <span class='ocrx_word' id='word_1_225' title='bbox 1203 2048 1303 2089; x_wconf 88' lang='lat' dir='ltr'><strong>sunt</strong></span> <span class='ocrx_word' id='word_1_226' title='bbox 1334 2044 1386 2090; x_wconf 88' lang='lat' dir='ltr'><strong>ab</strong></span> <span class='ocrx_word' id='word_1_227' title='bbox 1416 2044 1507 2089; x_wconf 88' lang='lat' dir='ltr'><strong>Ro-</strong></span> 
     </span>
     <span class='ocr_line' id='line_1_31' title="bbox 58 2106 1506 2168; baseline 0.003 -19"><span class='ocrx_word' id='word_1_228' title='bbox 58 2113 165 2167; x_wconf 86' lang='lat'><strong>(30)</strong></span> <span class='ocrx_word' id='word_1_229' title='bbox 184 2106 318 2150; x_wconf 82' lang='lat' dir='ltr'><strong>manis</strong></span> <span class='ocrx_word' id='word_1_230' title='bbox 348 2111 491 2164; x_wconf 86' lang='lat' dir='ltr'><strong>petere</strong></span> <span class='ocrx_word' id='word_1_231' title='bbox 520 2109 733 2153; x_wconf 69' lang='lat' dir='ltr'><strong>auxilium.</strong></span> <span class='ocrx_word' id='word_1_232' title='bbox 792 2109 947 2168; x_wconf 86' lang='lat' dir='ltr'><strong>Legati</strong></span> <span class='ocrx_word' id='word_1_233' title='bbox 974 2109 1250 2155; x_wconf 84' lang='lat' dir='ltr'><strong>introducti</strong></span> <span class='ocrx_word' id='word_1_234' title='bbox 1239 2126 1283 2154; x_wconf 83' lang='lat'><strong>111</strong></span> <span class='ocrx_word' id='word_1_235' title='bbox 1310 2111 1506 2155; x_wconf 88' lang='lat' dir='ltr'><strong>senatum</strong></span> 
     </span>
     <span class='ocr_line' id='line_1_32' title="bbox 186 2171 1505 2234; baseline 0.005 -19"><span class='ocrx_word' id='word_1_236' title='bbox 186 2171 364 2216; x_wconf 82' lang='lat' dir='ltr'><strong>maxime</strong></span> <span class='ocrx_word' id='word_1_237' title='bbox 380 2173 425 2216; x_wconf 91' lang='lat' dir='ltr'><strong>in</strong></span> <span class='ocrx_word' id='word_1_238' title='bbox 439 2173 546 2218; x_wconf 84' lang='lat' dir='ltr'><strong>hane</strong></span> <span class='ocrx_word' id='word_1_239' title='bbox 562 2175 816 2220; x_wconf 87' lang='lat' dir='ltr'><strong>sententiam</strong></span> <span class='ocrx_word' id='word_1_240' title='bbox 835 2174 1001 2233; x_wconf 87' lang='lat' dir='ltr'><strong>loquuti</strong></span> <span class='ocrx_word' id='word_1_241' title='bbox 1021 2178 1121 2220; x_wconf 89' lang='lat' dir='ltr'><strong>sunt</strong></span> <span class='ocrx_word' id='word_1_242' title='bbox 1139 2191 1148 2220; x_wconf 91' lang='lat'>:</span> <span class='ocrx_word' id='word_1_243' title='bbox 1182 2179 1209 2198; x_wconf 90' lang='lat'><strong>“</strong></span> <span class='ocrx_word' id='word_1_244' title='bbox 1222 2175 1411 2234; x_wconf 89' lang='lat' dir='ltr'><strong>Populus</strong></span> <span class='ocrx_word' id='word_1_245' title='bbox 1425 2189 1505 2220; x_wconf 81' lang='lat' dir='ltr'><strong>nos</strong></span> 
     </span>
    </p>
   </div>
   <div class='ocr_carea' id='block_1_5' title="bbox 188 2235 1507 2300">
    <p class='ocr_par' dir='ltr' id='par_1_6' title="bbox 188 2235 1507 2300">
     <span class='ocr_line' id='line_1_33' title="bbox 188 2235 1507 2300; baseline 0.004 -17"><span class='ocrx_word' id='word_1_246' title='bbox 188 2235 426 2297; x_wconf 82' lang='lat' dir='ltr'><strong>Campanus</strong></span> <span class='ocrx_word' id='word_1_247' title='bbox 446 2237 608 2298; x_wconf 84' lang='lat' dir='ltr'><strong>legatos</strong></span> <span class='ocrx_word' id='word_1_248' title='bbox 636 2239 690 2286; x_wconf 88' lang='lat' dir='ltr'><strong>ad</strong></span> <span class='ocrx_word' id='word_1_249' title='bbox 716 2254 805 2295; x_wconf 83' lang='lat' dir='ltr'><strong>vos,</strong></span> <span class='ocrx_word' id='word_1_250' title='bbox 828 2243 970 2300; x_wconf 86' lang='lat' dir='ltr'><strong>patres</strong></span> <span class='ocrx_word' id='word_1_251' title='bbox 997 2240 1238 2300; x_wconf 86' lang='lat' dir='ltr'><strong>conscripti,</strong></span> <span class='ocrx_word' id='word_1_252' title='bbox 1260 2239 1376 2288; x_wconf 85' lang='lat' dir='ltr'><strong>misit</strong></span> <span class='ocrx_word' id='word_1_253' title='bbox 1402 2240 1507 2288; x_wconf 82' lang='lat' dir='ltr'><strong>ami-</strong></span> 
     </span>
    </p>
   </div>
   <div class='ocr_carea' id='block_1_6' title="bbox 1510 0 1649 2452">
    <p class='ocr_par' dir='ltr' id='par_1_7' title="bbox 1510 0 1649 2452">
     <span class='ocr_line' id='line_1_34' title="bbox 1510 0 1649 2452; baseline 0 0"><span class='ocrx_word' id='word_1_254' title='bbox 1510 0 1649 2452; x_wconf 95' lang='lat' dir='ltr'><strong> </strong></span> 
     </span>
    </p>
   </div>
  </div>
 </body>
</html>
