1649 2452
583 86 693 127 LIB.
727 85 779 128 X.
811 91 979 129 38—40.
1368 87 1443 128 651

125 142 167 176 Α.
186 142 222 175 e.
241 140 332 184 2⁹³³

123 185 316 230 consulta
335 183 534 228 reserens.
596 183 790 241 Papirius
805 184 955 228 nuntio
973 184 1100 228 misso
1120 183 1330 242 extemplo
1347 199 1445 228 con-
1460 189 1483 227 7

121 249 283 294 cionem
311 247 475 303 habuit,
505 247 642 292 multa
676 247 728 292 de
757 247 955 293 universo
990 263 1143 307 genere
1170 247 1282 300 belli,
1312 248 1446 293 multa

52 315 66 338 '·
121 311 174 358 de
197 312 396 371 praesenti
426 311 612 356 hostium
641 315 847 370 apparatu
866 328 972 357 vana
993 312 1126 371 magis
1155 313 1292 371 specie
1320 328 1444 371 quam

118 377 276 422 efficaci
296 376 348 422 ad
369 380 569 422 eventum
600 376 825 422 disseruit:
857 393 944 422 non
970 377 1081 422 enim
1102 378 1250 422 cristas
1274 376 1445 422 vulnera

116 440 255 487 facere
269 445 314 487 et
329 456 406 500 per
426 441 541 500 picta
555 443 683 500 atque
704 444 852 486 aurata
867 445 989 486 scuta
1003 441 1182 486 transire
1203 442 1443 486 Romanum

115 505 259 562 pilum,
290 509 334 550 et
364 505 545 551 candore
575 506 816 551 tunicarum
845 506 1079 564 fulgentem
1110 505 1241 551 aciem
1271 506 1346 551 ubi
1375 521 1442 551 res

114 568 226 615 ferro
247 574 421 629 geratur
446 570 686 615 cruentari:
718 585 888 615 auream
915 570 1015 615 olim
1042 575 1172 628 atque
1199 574 1441 630 argenteam

114 633 365 679 Samnitium
386 634 518 680 aciem
545 650 571 679 a
590 638 765 693 parente
793 649 871 679 suo
899 633 1114 680 occidione
1138 635 1317 680 occisam
1349 650 1441 694 spo·

113 697 251 757 liaque
271 714 321 744 ea
334 699 576 744 honestiora
591 699 743 744 victori
757 698 872 743 hosti
893 714 1019 757 quam
1038 698 1142 757 ipsis
1158 714 1273 743 arma
1287 699 1438 745 fuisse:

111 761 256 807 datum
286 763 366 808 hoc
395 763 539 808 forsan
564 763 724 808 nomini
755 763 1004 822 familiaeque
1032 778 1131 817 suae‚
1161 767 1211 808 ut
1239 763 1439 810 adversus

111 827 314 873 maximos
345 832 522 873 conatus
555 828 806 872 Samnitium
836 831 1150 886 opponerentur
1180 830 1307 874 duces
1345 845 1440 888 spo-

110 890 248 950 liaque
288 907 338 937 ea
371 892 577 954 referrent
609 907 702 950 quae
743 892 925 950 insignia
959 892 1138 951 publicis
1175 894 1300 938 etiam
1336 893 1437 939 locis

110 954 355 1001 decorandis
376 961 530 1002 essent.
593 957 709 1002 Deos
733 956 991 1002 immortales
1013 956 1159 1002 adesse
1180 962 1353 1016 propter
1373 964 1437 1004 to-
1451 970 1473 1008 8

109 1019 219 1066 tiens
248 1021 383 1079 petita
403 1021 559 1066 foedera
587 1021 746 1066 totiens
774 1025 925 1079 rupta:
958 1022 1148 1066 tum—si
1169 1038 1251 1080 qua
1272 1024 1438 1082 conjec-

108 1088 207 1130 tura
234 1086 390 1130 mentis
417 1085 568 1131 divinoe
595 1085 816 1130 sit—nulli
842 1101 1040 1144 umquam
1070 1087 1276 1131 exercitui
1305 1088 1436 1134 fuisse

107 1149 346 1196 infestiores
367 1165 492 1209 quam
514 1151 588 1209 qui
616 1149 799 1196 nefando
821 1165 941 1196 sacro
961 1151 1096 1196 mixta
1126 1150 1342 1196 hominum
1364 1167 1435 1211 pc-

108 1215 346 1274 cudumque
378 1215 492 1261 caede
522 1230 744 1273 respersus
781 1215 956 1273 ancipiti
991 1215 1115 1261 deum
1150 1216 1224 1260 irae
1257 1216 1434 1262 devotus

107 1278 205 1325 hinc
234 1279 439 1325 foederum
466 1295 562 1325 cum
594 1279 799 1324 Romanis
826 1280 1009 1324 ictorum
1041 1284 1174 1325 testes
1206 1280 1307 1325 deos
1337 1281 1435 1327 hinc

100 1343 379 1402 jurisjurandi
398 1344 601 1389 adversus
623 1343 782 1389 foedera
798 1345 987 1402 suscepti
1008 1345 1316 1390 exsecrationes
1336 1345 1434 1391 hor-

105 1423 202 1453 rens
222 1409 380 1453 invitus
395 1409 616 1466 juraverit,
635 1408 772 1453 oderit
794 1413 1115 1462 sacramentum,
1134 1423 1220 1454 uno
1240 1413 1430 1467 tempore

105 1471 205 1517 deos
225 1474 337 1518 cives
365 1473 509 1518 hostes
539 1477 716 1517 metuat.
779 1474 885 1518 Haec
913 1479 1130 1530 comperta
1157 1474 1427 1534 perfugarum
1442 1478 1555 1534 (40)

103 1536 266 1582 indiciis
288 1553 417 1593 quum
439 1536 550 1596 apud
570 1537 756 1582 infensos
781 1539 872 1594 jam
893 1553 971 1582 sua
991 1541 1142 1595 sponte
1170 1538 1325 1584 milites
1346 1538 1430 1584 dis-

103 1603 318 1655 seruisset,
347 1601 472 1647 simul
501 1601 651 1646 divinae
683 1601 958 1660 humanaeque
986 1602 1076 1660 spei
1106 1601 1220 1660 pleni
1250 1603 1430 1651 clamore

101 1667 383 1712 consentienti
401 1682 587 1725 pugnam
603 1671 796 1724 poscunt,
813 1667 991 1724 poenitet
1012 1667 1057 1711 in
1075 1671 1292 1726 posterum
1315 1667 1427 1713 diem

101 1730 278 1776 dilatum
298 1734 522 1784 certamen,
545 1745 704 1775 moram
731 1729 814 1774 diei
832 1731 1053 1787 noctisque
1075 1731 1269 1776 oderunt.
1329 1732 1427 1778 Ter·
1445 1744 1468 1781 2

99 1796 162 1841 tia
183 1796 333 1871 vigili.
351 1796 489 1841 noctis
513 1795 602 1854 jam
629 1794 773 1840 relatis
805 1794 960 1839 fitteris
992 1810 1016 1839 a
1043 1795 1203 1855 collega
1232 1796 1429 1856 Papirius

99 1860 266 1906 silentio
286 1860 427 1919 surgit
456 1864 499 1904 et
521 1859 743 1918 pullarium
771 1859 815 1903 in
846 1859 1078 1917 auspicium
1109 1860 1254 1906 mittit.
1317 1861 1465 1913 Ναί-3

98 1924 186 1970 lum
205 1928 297 1970 erat
326 1940 460 1984 genus
481 1924 697 1968 hominum
722 1923 768 1967 in
788 1923 937 1968 castris
965 1923 1171 1969 intactum
1194 1925 1427 1984 cupiditate

98 2005 266 2049 pugnae,
294 1990 447 2034 summi
475 1988 689 2046 infimique
717 2003 836 2045 aeque
866 1988 1020 2033 intenti
1048 1993 1180 2041 erant,
1204 1989 1292 2035 dux
1319 1990 1427 2036 mili-

97 2057 190 2099 tum
210 2053 330 2100 miles
361 2053 481 2099 ducis
510 2052 700 2097 ardorem
728 2051 959 2110 spectabat.
1020 2053 1067 2098 Is
1089 2053 1214 2099 ardor
1240 2052 1464 2107 omnium4

95 2118 222 2163 etiam
262 2117 317 2163 ad
355 2133 427 2163 eos
463 2117 536 2176 qui
571 2116 757 2174 auspicio
792 2116 1026 2161 intererant
1060 2119 1281 2175 pervenit:
1325 2135 1423 2165 nam

96 2198 226 2242 quum
240 2182 346 2242 pulli
363 2198 451 2228 non
470 2184 758 2241 pascerentur,
772 2181 976 2239 pullarius
998 2182 1229 2241 auspicium
1251 2184 1425 2230 mentiri

94 2261 224 2295 ausus
242 2246 477 2308 tripudium
504 2245 758 2293 solistimum
784 2245 947 2293 eonsuli
974 2246 1201 2297 nuntiavit.
1262 2248 1424 2297 Consul
1437 2261 1460 2304 5
