1649 2452
587 34 704 74 LIB.
734 34 790 74 X.
809 37 985 74 41—43.
1369 37 1450 78 655

127 89 312 190 15⁶0?ss
314 90 445 177 ¹erat:
474 131 676 177 advectus
711 131 861 177 deinde
896 145 1006 190 equo
1045 130 1219 189 propius
1258 133 1308 174 ut
1348 144 1447 175 suos

127 196 171 241 in
191 195 322 240 muris
340 195 458 241 videt
484 211 562 241 ncc
585 196 673 254 jam
698 196 854 255 integri
884 196 1107 255 quicquam
1128 209 1234 246 esse,
1252 195 1447 252 quoniam

60 313 64 317 sp
125 261 365 305 temeritate
398 274 631 318 paucorum
668 277 831 335 magnae
865 262 927 306 rei
969 264 1090 318 parta
1123 259 1286 304 occasio
1319 264 1444 312 esset,

64 331 72 339 “
125 325 250 370 acciri
279 341 384 384 quas
409 330 627 384 receperat
656 327 797 385 copias
826 327 1030 384 signaque
1057 325 1103 369 in
1131 323 1275 368 urbem
1301 323 1448 369 inferri

118 389 275 448 jussit:
306 389 488 448 ingressi
517 391 709 449 proxima
737 407 792 437 ex
821 395 954 449 parte,
987 389 1086 446 quia
1113 403 1200 433 nox
1226 386 1446 446 adpropin-

125 453 294 513 quabat,
318 455 543 513 quievere:
571 459 698 501 nocte
724 456 925 515 oppidum
947 454 999 500 ab
1019 452 1213 499 hostibus
1234 450 1445 497 desertum

123 522 203 564 est.
265 519 387 564 Coesa
419 519 491 564 ilio
526 519 594 564 die
629 520 682 565 ad
721 520 991 579 Aquiloniam
1028 517 1281 564 Samnitium
1319 517 1484 562 millias

123 583 278 642 viginti
297 584 479 629 trecenti
499 585 790 644 quadraginta,
813 588 936 643 capta
955 584 1039 629 tria
1064 582 1196 628 millia
1213 583 1447 641 octingenti

122 652 167 693 et
194 648 476 707 septuaginta,
499 649 621 708 signa
646 650 843 694 militaria
862 648 1093 707 nonaginta
1119 650 1296 705 septem.
1357 647 1485 693 Caeul·

121 717 262 757 terum
289 712 395 757 illud
421 713 633 758 memoriae
659 713 856 767 traditur,
878 729 964 757 non
990 713 1122 757 ferme
1142 712 1269 756 alium
1297 711 1445 757 ducem

122 777 324 822 laetiorem
351 777 397 822 in
425 778 512 823 acie
540 779 677 823 visum
707 794 784 823 seu
810 782 965 835 suopte
993 777 1161 835 ingenio
1190 791 1266 821 scu
1295 776 1447 821 fiducia

123 841 228 886 bene
255 841 454 900 gerundae
482 843 570 887 rei:
601 842 653 887 ab
680 842 828 887 eodem
854 843 1005 887 robore
1033 841 1161 886 animi
1187 856 1324 899 neque
1349 856 1446 886 con·

123 910 315 951 troverso
348 906 534 964 auspicio
569 907 756 952 revocari
785 922 811 950 a
839 907 987 965 proelio
1017 906 1170 964 potuit,
1205 910 1249 950 et
1278 905 1323 950 in
1352 905 1445 962 ipso

124 970 507 1030 discrimine—quo
537 971 695 1030 templa
724 971 813 1016 deis
843 970 1150 1016 immortalibus
1182 971 1327 1015 voveri
1355 986 1447 1016 mos

127 1040 449 1080 erat—voverat
469 1036 497 1080 J
500 1037 568 1080 ovi
588 1036 767 1089 Victori,
786 1035 822 1080 si
842 1035 1028 1094 legiones
1044 1035 1231 1080 hostium
1251 1034 1447 1088 fudisset,

125 1099 319 1158 pocillum
347 1100 473 1145 mulsi
503 1101 620 1158 prius
650 1116 775 1160 quam
805 1104 1013 1145 temetum
1044 1099 1208 1145 biberet
1239 1115 1332 1145 sese
1360 1099 1447 1145 fac-

123 1170 296 1210 turum:
327 1164 372 1210 id
402 1169 549 1211 votum
577 1166 641 1211 dis
669 1165 787 1212 cordi
814 1165 896 1211 fuit
924 1169 969 1211 et
999 1165 1185 1224 auspicia
1214 1165 1258 1209 in
1288 1164 1444 1210 bonum

122 1234 358 1274 verterunt.

177 1294 338 1339 Eadem
359 1294 531 1339 fortuna
557 1295 609 1340 ab
637 1295 769 1340 altero
790 1295 961 1340 consule
981 1294 1035 1339 ad
1063 1294 1300 1340 Cominium
1321 1297 1443 1353 gesta
1458 1294 1560 1350 (43)

120 1375 200 1405 res.
262 1360 407 1404 Prima
444 1359 537 1405 luce
573 1360 626 1405 ad
665 1362 819 1405 moenia
857 1360 1051 1406 omnibus
1093 1360 1222 1418 copiis
1262 1360 1442 1405 admotis

121 1439 275 1469 corona
301 1424 434 1469 cinxit
461 1425 608 1470 urbem
637 1425 907 1484 subsidiaque
933 1426 1064 1478 firma,
1096 1440 1150 1470 ne
1171 1440 1255 1483 qua
1277 1425 1443 1483 eruptio

120 1490 251 1543 ficret,
286 1489 418 1547 portis
450 1491 668 1548 opposuit:
698 1491 786 1549 jam
816 1491 982 1548 signum
1013 1489 1183 1534 dantem
1211 1505 1307 1535 eum
1337 1505 1444 1535 nun·

120 1555 207 1598 tius
238 1569 264 1598 a
293 1553 456 1611 collega
484 1554 676 1612 trepidus
712 1554 764 1600 de
801 1555 952 1613 viginti
986 1555 1225 1600 cohortium
1259 1553 1443 1599 adventu

119 1625 163 1663 et
190 1618 243 1664 ab
270 1619 433 1677 impetu
461 1623 650 1664 moratus
671 1622 737 1664 est
764 1622 809 1664 et
829 1623 993 1677 partem
1013 1619 1227 1677 copiarum
1246 1633 1442 1664 revocare

121 1684 374 1729 instructam
402 1683 693 1743 intentamque
723 1683 777 1728 ad
806 1684 1136 1743 oppugnandum
1171 1684 1323 1743 coegit.
1384 1685 1479 1730 D.2

118 1748 302 1793 Brutum
332 1748 518 1793 Scaevam
544 1748 732 1807 legatum
761 1763 858 1793 cum
885 1748 1051 1808 legione
1079 1749 1215 1808 prima
1234 1753 1279 1794 et
1299 1749 1441 1795 decem

120 1812 366 1871 eohortiffls
397 1812 535 1857 alariis
566 1813 843 1872 equitatuque
876 1813 939 1858 ire
973 1813 1174 1859 adversus
1208 1813 1440 1859 subsidium

118 1877 305 1922 hostium
330 1877 484 1935 jussit:
519 1892 783 1936 quocumque
811 1878 855 1922 in
882 1878 974 1923 loco
1001 1878 1154 1924 fuisset
1180 1878 1341 1932 obvius,
1369 1878 1442 1924 ob-

119 1942 290 1987 sisteret
320 1956 368 1986 ac
400 1946 638 1986 moraretur
665 1957 932 2000 manumque,
962 1943 998 1987 si
1026 1943 1137 1988 forte
1162 1943 1225 1988 ita
1250 1958 1319 1988 res
1345 1959 1442 2002 pos·

119 2010 248 2062 ceret,
274 2006 499 2062 conferret,
529 2006 653 2051 modo
683 2022 737 2052 ne
768 2006 821 2051 ad
851 2007 1090 2052 Cominium
1119 2023 1179 2053 eae
1209 2008 1339 2064 copiae
1369 2008 1441 2053 ad-

120 2071 278 2116 moveri
306 2075 494 2130 possent.
554 2071 657 2130 Ipse
686 2071 818 2117 scalas
848 2071 949 2117 ferri
983 2072 1036 2117 ad
1070 2086 1212 2118 muros
1243 2072 1296 2118 ab
1326 2073 1475 2118 omni3

120 2140 240 2194 parte
283 2135 397 2181 urbis
434 2135 563 2194 jussit
602 2150 652 2181 ac
689 2135 905 2182 testudine
944 2136 997 2182 ad
1037 2141 1182 2195 portas
1221 2137 1437 2183 successit.

122 2201 255 2248 Simul
275 2204 320 2249 et
339 2201 680 2262 refringebantur
699 2204 832 2261 portae
858 2206 903 2249 et
930 2203 996 2250 viu
1020 2201 1207 2275 undique
1233 2203 1278 2250 in
1297 2217 1438 2255 muros
1452 2213 1478 2256 4
