1649 2452
0 0 4 184 i
623 134 734 173 LIB.
766 134 820 173 X.
853 136 890 180 8,
911 137 950 172 9.
1364 135 1443 174 609

0 237 4 288 ÷

113 188 524 288 {exiiiff‘ssanetam
585 228 731 273 Tertio
768 243 818 272 ea
852 230 944 272 tum
980 230 1077 285 post
1113 241 1236 286 reges
1272 232 1442 273 exactos
1459 235 1483 272 3

112 293 200 339 lata
229 297 295 338 est
325 307 491 350 semper
518 307 543 335 a
573 292 731 336 familia
761 291 920 336 eadem.
983 291 1164 336 Causam
1194 292 1442 337 renovandae
1460 301 1484 337 4

112 358 265 416 saepius
292 356 407 401 haud
435 356 558 401 aliam
587 357 718 401 fuisse
747 372 842 401 reor
870 371 995 415 quam
1026 355 1139 414 quod
1169 356 1264 413 plus
1293 372 1442 413 pauco-

112 437 206 468 rum
226 437 327 479 opes
356 436 482 479 quam
511 420 684 466 libertas
714 421 846 479 plebis
877 425 1057 478 poterat.
1123 420 1272 464 Porcia
1301 426 1443 465 tamen
1461 431 1483 466 5

110 487 181 532 lex
200 486 289 531 sola
309 501 385 545 pro
405 489 530 544 tergo
551 486 706 530 civium
726 485 813 529 lata
832 485 1012 538 videtur,
1032 485 1144 542 quod
1166 485 1284 542 gravi
1306 500 1441 543 poena,

111 551 150 595 si
169 550 263 609 quis
283 549 549 596 verberasset
571 551 817 595 necassetve
838 549 970 594 civem
1001 550 1249 601 Romanum,
1274 550 1413 594 sanxit
1431 566 1441 594 :

112 614 281 660 Valeria
318 614 388 659 lex
428 630 560 672 quum
601 629 698 659 eum
741 614 812 672 qui
853 614 1123 671 provocasset
1164 614 1295 671 virgis
1338 614 1439 659 caedi

110 679 331 737 securique
350 679 494 724 necari
520 679 739 733 vetuisset,
761 679 798 723 si
826 678 920 736 quis
949 677 1150 722 adversus
1178 693 1228 722 ea
1255 678 1438 731 fecisset,

110 743 216 788 nihil
240 743 354 788 ultra
380 758 508 802 quam
533 742 776 801 “Improbe
804 742 994 787 factum’'
1024 742 1190 799 adjecit.
1254 741 1439 801 Id—-qui
1457 753 1480 790 6

109 811 203 852 tum
223 807 359 866 pudor
388 808 606 852 hominum
627 810 912 852 erat—visum
941 806 1066 851 credo
1094 806 1309 851 vinculum
1338 808 1441 852 satis

109 872 294 918 validum
323 872 456 931 legis:
488 887 601 917 nune
632 873 703 917 vix
733 887 854 917 servo
886 872 994 916 serio
1024 871 1086 916 ita
1115 872 1299 916 minetur
1331 872 1441 930 quis-

110 953 249 996 quam.

169 1001 334 1047 Bellum
354 1002 406 1047 ab
437 1001 587 1046 eodem
616 1002 787 1047 consule
815 1001 1139 1060 haudquaquam
1169 1001 1437 1046 memorabile
1455 1012 1477 1052 7

110 1065 311 1112 adversus
331 1066 583 1112 rebellantes
604 1067 782 1124 AEqu0s‚
807 1082 937 1124 quum
964 1071 1119 1124 praeter
1146 1066 1306 1110 animos
1328 1066 1439 1110 fero-

109 1145 180 1176 ces
219 1131 326 1176 nihil
364 1147 418 1176 ex
458 1132 633 1190 antiqua
673 1131 845 1176 fortuna
885 1130 1102 1184 haberent,
1146 1135 1315 1189 gestum
1357 1135 1435 1175 est.

109 1194 234 1240 Alter
260 1195 407 1240 consul
434 1196 643 1254 Apuleius
671 1196 717 1240 in
747 1195 928 1240 Umbria
957 1195 1205 1254 Nequinum
1236 1195 1435 1253 oppidum
1455 1205 1478 1243 8

110 1259 403 1305 circumsedit:
436 1261 554 1306 locus
575 1268 666 1306 erat
688 1261 844 1305 arduus
867 1260 978 1305 altus
1001 1266 1128 1319 atque
1149 1260 1193 1304 in
1213 1266 1334 1318 parte
1354 1277 1439 1305 una

110 1339 307 1382 praeeeps,
338 1325 414 1370 ubi
443 1341 556 1371 nunc
586 1325 752 1370 Narnia
782 1326 865 1370 sita
896 1330 975 1378 est,
1009 1341 1085 1370 nec
1116 1325 1159 1369 vi
1189 1341 1266 1370 nec
1301 1326 1437 1370 muni-

109 1392 253 1433 mento
283 1390 378 1448 capi
409 1393 589 1447 poterat,
619 1391 764 1448 itaque
791 1405 883 1434 eam
910 1390 1111 1435 infectam
1137 1405 1226 1434 rem
1254 1390 1318 1435 M.
1340 1390 1437 1435 Ful-

109 1453 204 1498 vius
234 1453 381 1498 Paetus
411 1455 459 1499 T.
481 1454 671 1499 Manlius
701 1455 941 1513 Torquatus
971 1455 1070 1498 novi
1100 1454 1294 1499 consules
1322 1470 1438 1500 acce-

109 1522 277 1576 perunt.
338 1518 394 1563 In
433 1534 530 1564 eum
565 1535 722 1564 annum
757 1535 888 1577 quum
929 1519 983 1567 Q.
1006 1518 1183 1564 Fabium
1224 1520 1434 1564 consulem
1454 1530 1477 1568 9

109 1596 195 1626 non
214 1585 430 1640 petentem
451 1598 596 1628 omnes
618 1583 805 1629 dicerent
826 1584 1042 1634 centuriae,
1063 1583 1201 1641 ipsum
1222 1589 1436 1629 auctorem

109 1646 243 1692 fuisse
263 1647 412 1693 Macer
431 1648 622 1693 Licinius
643 1664 692 1693 ae
711 1648 879 1693 Tubero
906 1647 1081 1692 tradunt
1112 1648 1329 1693 differendi
1357 1649 1437 1694 sibi

111 1711 356 1757 consulatus
385 1713 431 1757 in
459 1713 763 1758 bellicosiorem
793 1728 961 1767 annum,
993 1728 1042 1757 eo
1074 1728 1182 1757 anno
1212 1714 1360 1770 majori
1391 1730 1436 1759 se

109 1775 209 1820 usui
227 1776 288 1820 rei
316 1776 493 1835 publicae
514 1779 607 1822 fore
627 1777 788 1822 urbano
817 1782 938 1836 gesto
969 1778 1248 1836 magistratu:
1279 1778 1339 1822 ita
1358 1794 1436 1823 nec

109 1838 443 1886 dissimulantem
467 1841 569 1899 quid
588 1841 730 1886 mallet
758 1857 836 1886 nec
863 1845 1078 1899 petentem
1105 1846 1247 1886 tamen
1275 1842 1435 1887 aedilem

29 1940 31 1966 4
109 1903 298 1949 curulem
335 1911 430 1968 Qum
463 1906 515 1950 L.
538 1906 708 1964 Papirio
740 1906 922 1951 Cursore
953 1906 1126 1951 factum.
1189 1906 1242 1950 Id
1273 1923 1325 1951 ne
1359 1923 1435 1966 pro
1456 1917 1503 1954 10

109 1971 227 2013 certo
257 1985 469 2028 ponerem,
499 1971 708 2016 vetustior
737 1971 949 2015 annalium
981 1976 1128 2015 auctor
1156 1971 1255 2015 Piso
1283 1972 1433 2026 effecit,

110 2033 183 2090 qui
213 2049 264 2078 eo
295 2051 405 2079 anno
432 2035 573 2080 aediles
604 2035 771 2080 curules
802 2035 934 2080 fuisse
964 2034 1095 2080 tradit
1127 2035 1174 2080 C.
1200 2036 1434 2081 Domitium

113 2096 192 2141 Cn.
214 2097 264 2143 F.
286 2099 509 2144 Calvinum
530 2105 573 2145 et
596 2100 667 2158 Sp.
691 2099 920 2145 Carvilium
949 2100 1004 2148 Q.
1027 2099 1075 2144 F.
1098 2100 1361 2145 Maximum:
1392 2101 1436 2146 id

114 2161 242 2207 credo
271 2179 506 2223 cognomen
535 2180 719 2210 errorem
739 2165 784 2209 in
804 2164 994 2210 aedilibus
1021 2165 1172 2210 fecisse
1193 2171 1436 2223 sequutam-

111 2241 194 2284 que
212 2227 400 2274 fabulam
419 2229 596 2274 mixtam
611 2245 665 2275 ex
679 2229 865 2276 aediliciis
881 2234 925 2275 et
945 2229 1234 2276 consularibus
1255 2231 1435 2275 comitiis

111 2293 433 2339 convenientem
462 2294 609 2342 errori.
668 2295 727 2342 Et
746 2294 932 2342 lustrum
951 2311 1002 2342 eo
1028 2310 1140 2342 anno
1167 2294 1384 2342 conditum
1412 2310 1437 2340 a
1455 2304 1501 2344 ll

172 2373 245 2401 ιιι
259 2375 351 2403 urs-r.
370 2378 399 2403 ι.
732 2373 767 2407 Β
784 2374 808 2406 l·
