1649 2452
215 102 295 142 416
536 100 581 140 T.
611 99 760 139 LIVII
791 99 1209 140 HISTORIARUM
1323 156 1372 196 [A
1399 156 1426 188 c
1454 158 1513 189 365

215 196 506 254 minarumque
528 195 799 249 consedisset,
820 200 947 253 atque
975 200 1171 253 ageretur
1201 212 1268 241 res
1295 197 1418 242 solito
1446 199 1530 256 pri-

216 276 327 304 mum
370 261 596 305 certamine
632 260 741 304 inter
778 275 822 303 se
857 259 1120 304 tribunorum
1159 261 1269 319 plebi
1304 261 1528 306 ferentium

216 324 347 383 legem
377 324 821 381 intercedentiumque,
843 331 898 377 et,
922 330 1079 382 quanto
1095 329 1193 382 jure
1224 327 1436 383 potentior
1466 327 1530 371 in-

215 390 415 434 tercessio
436 395 540 438 erat,
562 395 727 432 tantum
750 388 989 432 vinceretur
1010 389 1151 434 favore
1176 390 1316 448 legum
1343 390 1528 448 ipsarum

216 454 489 512 latorumque,
514 459 556 497 et
581 458 606 475 “
620 453 697 497 Uti
719 455 870 511 rogas'’
894 454 1036 510 primae
1057 454 1193 499 tribus
1215 454 1414 506 dicerent,
1436 460 1529 500 tum

214 518 414 562 Camillus
448 517 861 575 “Quandoquidem'’
894 519 1043 576 inquit,
1077 521 1101 542 “
1116 519 1314 572 Quirites,
1340 520 1426 577 jam
1453 534 1528 564 vos

211 583 437 627 tribunicia
471 582 597 626 libido
627 597 712 626 non
742 586 930 640 potestas
961 583 1082 640 regit,
1116 588 1158 626 et
1188 583 1527 627 intercessionem

212 647 445 691 secessione
467 645 671 705 quondam
697 646 826 703 plebis
848 651 1009 704 partam
1030 646 1147 690 vobis
1169 646 1309 691 eadem
1333 647 1374 690 vi
1389 647 1528 692 facitis

211 711 371 756 irritam
403 727 485 770 qua
514 712 747 769 peperistis,
769 727 853 755 non
874 711 933 755 rei
961 710 1135 768 publicae
1164 711 1295 768 magis
1323 712 1527 757 universae

211 792 331 835 quam
356 784 494 820 vestra
516 791 641 820 causa
661 776 841 821 dictator
857 775 1147 820 intercessioni
1167 775 1290 819 adero
1318 791 1529 820 eversum-

171 847 193 883 8
213 857 292 895 que
326 846 510 884 vestrum
545 840 744 884 auxilium
777 842 950 898 imperio
982 839 1166 884 tutabor.
1226 839 1390 896 Itaque,
1413 840 1450 884 si
1480 840 1528 885 C.

210 903 401 950 Licinius
423 907 466 948 et
485 904 537 948 L.
562 903 732 948 Sextius
760 902 1051 948 intercessioni
1079 901 1331 960 collegarum
1359 902 1526 956 cedunt,

211 969 316 1013 nihil
336 968 559 1026 patricium
581 968 876 1025 magistratum
905 967 1084 1011 inseram
1107 966 1282 1010 concilio
1302 966 1462 1024 plebis:
1493 968 1528 1012 si

212 1032 414 1077 adversus
445 1032 786 1076 intercessionem
818 1036 1031 1088 tamquam
1063 1034 1195 1088 captae
1226 1030 1388 1075 civitati
1413 1031 1528 1089 leges

213 1098 425 1155 imponere
460 1096 649 1149 tendent,
681 1096 766 1140 vim
802 1095 1068 1140 tribuniciam
1099 1110 1124 1138 a
1154 1109 1198 1138 se
1232 1095 1324 1152 ipsa
1358 1094 1529 1141 dissolvi

175 1167 297 1206 9non
329 1160 503 1218 patiar.''
562 1160 779 1205 Adversus
816 1176 865 1204 ea
897 1175 1024 1218 quum
1061 1159 1331 1216 contemptim
1368 1159 1528 1205 tribuni

213 1225 345 1283 plebis
373 1241 459 1270 rem
489 1224 618 1269 nihilo
647 1225 817 1283 segnius
845 1227 1105 1282 peragerent,
1128 1231 1220 1267 tum
1251 1223 1436 1281 percitus
1466 1224 1529 1269 ira

214 1289 414 1334 Camillus
434 1289 602 1334 lictores
625 1290 697 1361 qui
718 1288 769 1333 de
789 1288 926 1333 medio
947 1287 1108 1344 plebem
1137 1293 1378 1332 emoverent
1399 1289 1527 1343 misit,

212 1358 255 1398 et
277 1353 436 1398 addidit
464 1353 611 1406 minas,
635 1353 671 1397 si
699 1356 936 1411 pergerent,
960 1358 1221 1396 sacramento
1249 1367 1393 1397 omnes
1415 1353 1528 1410 juni-

210 1433 303 1463 ores
333 1418 577 1462 adacturum
610 1418 924 1475 exercitumque
954 1415 1166 1474 extemplo
1198 1431 1250 1460 ex
1270 1416 1374 1461 urbe
1402 1416 1528 1462 educ-

146 1485 367 1527 10turum.
428 1482 647 1526 Terrorem
683 1482 899 1540 ingentem
930 1481 1164 1526 incusserat
1194 1480 1318 1538 plebi,
1351 1481 1526 1526 ducibus

209 1546 341 1606 plebis
369 1545 559 1591 accendit
583 1546 716 1603 magis
746 1546 973 1590 certamine
1003 1545 1162 1589 animos
1194 1560 1316 1603 quam
1349 1546 1524 1591 minuit:

209 1610 284 1656 sed
303 1626 348 1655 re
368 1615 520 1655 neutro
540 1610 738 1655 inclinata
757 1610 1006 1668 magistratu
1031 1625 1076 1654 se
1097 1608 1317 1664 abdicavit,
1333 1625 1409 1654 seu
1429 1611 1527 1669 quia

209 1675 312 1720 vitio
336 1682 502 1720 creatus
524 1679 615 1720 erat
635 1680 685 1720 ut
707 1675 910 1733 scripsere
939 1673 1119 1732 quidam,
1140 1689 1215 1718 seu
1243 1675 1340 1732 quia
1368 1674 1527 1720 tribuni

210 1740 341 1798 plebis
363 1740 554 1785 tulerunt
576 1740 627 1784 ad
658 1739 821 1798 plebem
851 1739 976 1797 idque
1005 1738 1122 1797 plebs
1151 1739 1287 1792 scivit,
1310 1744 1372 1792 ut,
1396 1740 1432 1784 si
1460 1740 1523 1785 Μ.

210 1805 364 1849 Furius
393 1820 467 1863 pro
496 1804 701 1850 dictatore
724 1804 825 1863 quid
850 1805 1020 1863 egisset,
1043 1803 1317 1862 quingentum
1351 1804 1525 1849 millium

147 1874 189 1910 11
211 1869 249 1914 ei
270 1869 402 1914 multa
423 1874 547 1914 esset.
608 1869 691 1914 Sed
711 1869 906 1926 auspiciis
929 1868 1062 1926 magis
1083 1882 1206 1925 quam
1227 1868 1322 1912 novi
1347 1869 1525 1942 exempli

209 1934 426 1992 rogatione
449 1934 695 1979 deterritum
717 1939 766 1977 ut
786 1933 928 1992 potius
950 1931 1126 1986 credam,
1145 1947 1271 1990 quum
1294 1933 1425 1990 ipsius
1448 1934 1524 1978 viri

210 1999 349 2043 facit
339 1999 552 2056 ingenium
583 2002 676 2043 tum
708 1998 819 2056 quod
849 1998 887 2042 ei
909 1997 1109 2041 suffectus
1140 2004 1205 2039 est
1233 1997 1443 2055 extemplo
1474 1998 1522 2042 P.

209 2062 395 2108 Manlius
432 2062 794 2122 dictator—quem
830 2061 931 2120 quid
966 2060 1097 2106 creari
1133 2060 1349 2106 adtinebat
1389 2062 1441 2107 ad
1481 2062 1524 2108 id

209 2132 431 2180 certamen,
460 2142 542 2185 quo
570 2127 632 2171 M.
653 2127 808 2171 Furius
837 2126 974 2171 victus
1005 2129 1116 2169 esset
1131 2125 1252 2169 ?—et
1284 2126 1394 2184 quod
1426 2143 1524 2172 eun·

208 2191 301 2236 dem
342 2191 405 2235 M.
437 2192 607 2235 Furium
650 2191 896 2236 dictatorem
939 2190 1160 2245 insequens
1201 2204 1335 2234 annus
1376 2190 1522 2236 habuit

206 2255 317 2303 haud
339 2256 428 2301 sine
449 2255 608 2316 pudore
637 2260 751 2301 certe
779 2254 957 2299 fractum
987 2254 1125 2311 priore
1150 2269 1265 2299 anno
1296 2255 1340 2300 in
1371 2270 1415 2300 se
1449 2257 1525 2300 im·
