1649 2452
601 64 710 102 LIB.
742 65 793 104 X.
825 66 889 109 40,
911 67 976 104 41.
1369 66 1446 103 653

118 118 323 157 Δ.ο.293.]

117 159 240 232 signa
267 171 417 204 canere
446 160 491 202 et
521 157 744 204 clamorem
774 158 868 204 tolli
891 158 1037 217 jussit.
1098 157 1299 203 Proelium
1332 162 1557 214 com-(41)

117 223 293 267 missum
324 225 459 295 atrox,
491 225 691 267 caeterum
721 222 846 282 longe
878 222 1113 281 disparibus
1144 223 1320 266 animis.
1355 222 1442 266 Ro-

40 339 44 342 ,
116 302 262 331 manos
296 287 360 332 ira
394 302 491 345 spes
524 286 649 331 ardor
679 288 920 332 certaminis
957 287 1101 334 avidos
1131 287 1316 331 hostium
1353 302 1446 330 san·

44 357 52 365 “
115 351 257 410 guinis
289 351 336 396 in
370 351 562 409 proelium
597 352 722 410 rapit,
759 351 1011 397 Samnitium
1046 366 1239 409 magnam
1282 357 1443 408 partem

116 416 346 462 necessitas
363 431 412 461 ac
431 416 580 475 religio
596 417 752 461 invitos
776 417 908 475 magis
928 416 1124 460 resistere
1142 431 1266 474 quam
1289 416 1444 460 inferre

114 495 299 539 pugnam
320 479 459 538 cogit:
491 495 569 525 nec
589 481 891 526 sustinuissent
919 481 1099 539 primum
1126 480 1347 525 clamorem
1379 484 1444 523 at-

116 559 198 603 que
223 544 431 602 impetum
460 544 751 589 Romanorum
778 561 854 603 per
881 545 1042 602 aliquot
1065 545 1152 602 jam
1180 558 1311 588 annos
1334 544 1445 588 vinci

115 607 296 662 adsueti,
318 608 364 654 ni
392 609 608 667 potentior
635 609 742 654 alius
763 613 902 654 metus
932 608 1120 653 insidens
1149 607 1391 666 pectoribus
1423 623 1448 652 a

114 673 218 732 fuga
244 673 472 718 retineret:
506 673 661 732 quippe
691 674 736 718 in
756 673 888 719 oculis
916 677 1008 718 erat
1037 673 1172 718 omnis
1200 672 1270 718 ille
1292 672 1446 718 occulti

114 741 288 796 paratus
322 738 431 783 sacri
465 742 510 782 et
546 739 697 783 armati
734 738 972 783 sacerdotes
1013 742 1056 782 et
1097 737 1334 795 promiscua
1373 737 1447 781 ho-

114 802 274 847 minum
303 801 597 861 pecudumque
627 806 793 862 strages
835 807 879 848 et
910 817 1112 861 respersae
1145 801 1272 846 fando
1303 801 1447 846 nefan-

115 866 253 926 doque
283 867 488 925 sanguine
519 882 602 911 arae
632 872 676 912 et
707 867 799 912 dira
829 867 1062 912 exsecratio
1094 881 1142 911 ac
1174 866 1326 911 furiale
1357 881 1446 911 car-

114 946 214 976 men
233 930 493 976 detestandae
524 930 692 976 familiae
722 932 928 990 stirpique
949 932 1249 990 compositum:
1282 931 1334 976 iis
1355 931 1446 975 vin·

116 995 222 1040 culis
253 995 366 1054 fugae
386 995 581 1040 obstricti
608 996 779 1041 stabant
811 997 943 1042 civem
971 997 1105 1055 magis
1127 1011 1251 1054 quam
1279 996 1443 1040 hostem

115 1060 327 1105 timentes.
388 1060 557 1105 Instare
586 1059 806 1106 Romanus
837 1077 862 1105 a
882 1076 1014 1106 cornu
1043 1067 1224 1118 utroque
1256 1075 1281 1104 a
1306 1060 1481 1106 media2

116 1124 218 1180 acie,
246 1127 290 1169 et
320 1123 480 1169 caedere
510 1124 684 1169 deorum
714 1125 1015 1184 hominumque
1050 1124 1264 1169 adtonitos
1296 1128 1442 1169 metu:

116 1191 379 1248 repugnatur
417 1189 606 1247 segniter
644 1192 696 1234 ut
726 1189 778 1234 ab
807 1189 874 1234 his
905 1205 1010 1248 quos
1050 1189 1179 1234 timor
1209 1192 1445 1233 moraretur

115 1268 142 1298 a
170 1253 284 1311 fuga.
345 1252 442 1297 Jam
471 1267 598 1311 prope
626 1253 679 1298 ad
709 1254 831 1312 signa
860 1254 994 1299 caedes
1022 1256 1284 1312 pervenerat,
1316 1269 1442 1311 quum
1459 1261 1482 1297 3

115 1333 169 1363 ex
207 1321 450 1362 transverso
495 1317 633 1376 pulvis
673 1318 791 1363 velut
830 1318 1016 1376 ingentis
1057 1318 1236 1377 agminis
1276 1318 1444 1362 incessu

114 1385 257 1427 motus
278 1382 498 1441 apparuit:
533 1382 604 1440 Sp.
627 1383 1099 1428 Nautius—Octavium
1132 1382 1331 1427 Maecium
1353 1383 1444 1440 qui-

115 1446 212 1492 dam
239 1462 334 1492 eum
362 1446 687 1492 tradunt—dux
718 1447 900 1492 alaribus
929 1447 1172 1492 cohortibus
1203 1451 1317 1491 erat:
1351 1447 1444 1504 pul-

114 1527 255 1557 verem
282 1514 483 1569 majorem
507 1527 633 1570 quam
662 1527 739 1569 pro
767 1527 942 1556 numero
973 1511 1229 1564 excitabant,
1259 1511 1442 1556 insiden-

114 1578 182 1621 tes
221 1575 344 1620 mulis
375 1576 540 1621 calones
571 1576 792 1621 frondosos
831 1591 970 1620 ramos
1000 1591 1076 1634 per
1105 1580 1262 1620 terram
1302 1575 1442 1620 trahe-

115 1639 242 1685 bant:
284 1655 400 1685 arma
438 1641 640 1699 signaque
680 1656 756 1699 per
795 1639 1007 1685 turbidam
1047 1640 1183 1684 lucem
1222 1640 1267 1684 in
1306 1640 1440 1698 primo

115 1704 385 1763 apparebant,
414 1709 512 1763 post
533 1704 657 1749 altior
685 1705 935 1763 densiorque
962 1704 1101 1762 pulvis
1121 1704 1312 1762 equitum
1347 1720 1440 1762 spc-

114 1769 220 1814 ciem
251 1769 493 1828 cogentium
524 1785 676 1826 agmen
711 1769 863 1814 dabat:
900 1769 1133 1827 fefellitque
1163 1783 1248 1812 non
1280 1769 1441 1813 Samni-

114 1837 181 1878 tes
197 1833 418 1892 modoted
439 1834 566 1878 etiam
590 1834 818 1887 Romanos,
842 1838 885 1878 et
906 1833 1053 1878 consul
1074 1833 1308 1877 adfirmavit
1330 1849 1438 1878 erro·

114 1913 203 1943 rem
234 1897 453 1942 clamitans
484 1898 596 1942 inter
626 1898 760 1956 prima
790 1899 911 1956 signa
941 1898 1000 1942 ita
1032 1902 1080 1942 ut
1110 1913 1193 1942 vox
1223 1898 1348 1942 ctiam
1386 1899 1438 1942 ad

114 1962 258 2007 hostes
286 1962 509 2017 accideret,
530 1966 701 2020 captum
730 1962 981 2015 Cominium,
1004 1963 1206 2007 victorem
1236 1961 1435 2021 collegam

114 2027 278 2072 adesse:
311 2025 602 2071 adniterentur
621 2026 788 2071 vincere
807 2026 924 2085 prius
945 2042 1069 2084 quam
1100 2026 1233 2084 gloria
1263 2026 1435 2071 alterius

114 2091 324 2137 exercitus
363 2091 497 2136 fieret.
558 2091 666 2136 Haec
704 2090 889 2136 insidens
924 2106 1046 2150 equo.
1107 2091 1214 2136 Inde
1254 2090 1435 2136 tribunis
1449 2102 1472 2137 ιι

114 2155 515 2215 centurionibusque
557 2156 736 2214 imperat
775 2163 826 2200 ut
865 2155 974 2200 viam
1014 2155 1227 2215 equitibus
1275 2156 1436 2214 patefa-

115 2219 256 2269 ciant:
295 2220 387 2282 ipse
423 2220 633 2270 Trebonio
669 2219 933 2281 Caedicioque
972 2220 1224 2281 praedixerat
1263 2225 1325 2276 ut,
1362 2223 1438 2269 ubi
