1649 2452
157 62 234 100 566
483 63 527 102 Τ.
552 62 700 101 LIVII
732 61 1148 103 HISTORIARUM

155 155 315 200 territis
345 158 557 200 ostentat:
590 170 668 215 ego
693 157 782 211 jam
811 158 972 202 terrore
1002 157 1142 202 omnia
1170 115 1465 215 mpigticss'aesi

116 226 140 264 6
157 233 293 264 arcem
319 219 472 264 intenti
499 219 682 264 tenete.’'
742 220 941 265 Decurrit
970 221 1080 275 inde,
1102 226 1259 279 quanto
1287 222 1466 267 maxime

155 285 322 340 poterat
355 299 449 328 cum
489 283 688 336 tumultu,
729 285 837 328 “Ad
876 287 1016 329 arma’'
1054 289 1097 330 et
1133 286 1254 330 “Pro
1284 290 1467 330 vestram

155 346 291 402 fidem,
323 347 477 400 cives,''
507 347 749 392 clamitans:
785 353 900 393 “arx
930 349 981 394 ab
1012 349 1204 394 hostibus
1235 354 1358 407 capta
1388 353 1466 403 est,

117 417 138 457 7
156 409 366 456 defendite
400 411 500 456 ite.''
561 411 668 456 Hace
698 411 893 457 incedens
926 414 1161 471 principum
1190 413 1350 458 foribus
1379 414 1469 458 liaec

155 474 288 519 obviis
308 475 397 519 haee
418 474 736 519 excurrentibus
757 475 802 519 in
822 475 1035 533 publicum
1065 476 1226 535 pavidis
1253 478 1468 534 increpat:

155 545 372 597 acceptum
407 539 459 584 ab
493 554 577 583 uno
611 554 806 597 pavorem
842 540 982 598 plures
1018 557 1093 599 per
1127 541 1274 586 urbem
1313 541 1468 585 ferunt.

115 609 138 646 8
155 603 324 661 Trepidi
362 603 634 661 magistratus
680 603 818 648 missis
867 604 920 648 ad
960 620 1097 649 arcem
1138 604 1470 664 exploratoribus

155 683 283 725 quum
303 667 389 711 tela
408 672 451 711 et
473 671 653 711 armatos
674 672 818 712 tenere
839 683 978 713 arcem
998 668 1276 726 multiplicato
1298 683 1469 713 numero

154 731 359 784 audirent,
398 734 593 776 avertunt
634 732 793 776 animos
834 747 858 776 a
898 748 972 790 spe
1010 733 1304 790 recuperandae
1339 733 1470 778 arcis:

153 795 256 854 fuga
290 799 442 840 cuncta
477 795 739 853 complentur
780 800 995 855 portaeque
1035 796 1086 841 ab
1127 797 1389 841 semisomnis
1424 811 1472 842 ac

153 860 334 904 maxima
354 864 473 918 parte
492 860 720 905 inermibus
736 860 1040 919 refringuntur,
1060 877 1237 918 quarum
1259 877 1333 919 per
1347 877 1472 906 unam

154 924 395 982 praesidium
429 925 669 969 Romanum
709 924 888 970 clamore
929 926 1159 970 excitatum
1199 925 1394 983 irrumpit
1430 931 1473 970 et

116 999 138 1037 9
156 992 453 1034 concursantes
475 1004 549 1046 per
576 989 664 1033 vias
692 989 864 1046 pavidos
895 989 1030 1034 caedit.
1093 990 1120 1033 J
1123 1005 1189 1033 am
1219 990 1324 1034 Sora
1351 993 1474 1047 capta

155 1057 257 1106 erat,
282 1069 411 1111 quum
431 1051 622 1097 eonsules
650 1053 785 1110 prima
811 1053 904 1098 luce
932 1054 1135 1098 advenere
1164 1058 1220 1106 et,
1244 1069 1349 1112 quos
1377 1053 1473 1097 reli·

155 1133 259 1175 quos
300 1118 471 1161 fortuna
509 1133 563 1162 ex
596 1121 804 1161 nocturna
838 1117 949 1162 caede
990 1133 1037 1162 ac
1078 1119 1178 1175 fuga
1219 1117 1389 1170 fecerat,
1426 1118 1472 1161 in

93 1190 140 1227 10
156 1181 409 1226 deditionem
445 1181 667 1239 accipiunt.
729 1181 796 1225 Ex
829 1181 895 1226 his
927 1181 1131 1226 ducentos
1166 1181 1317 1239 viginti
1353 1182 1474 1239 quin-

156 1262 248 1304 que,
286 1246 357 1304 qui
397 1245 581 1290 omnium
616 1260 823 1289 consensu
859 1245 1177 1290 destinabantur
1212 1250 1255 1290 et
1290 1245 1471 1290 infandae

155 1310 397 1355 colonorum
433 1309 556 1354 caedis
587 1313 630 1353 et
667 1308 912 1354 defectionis
950 1315 1155 1363 auctores,
1189 1310 1353 1354 vinctos
1386 1310 1474 1354 Ro·

154 1390 265 1418 mam
287 1374 513 1429 deducunt,
533 1377 728 1418 caeteram
750 1373 1063 1418 multitudinem
1089 1373 1339 1419 incolumem
1368 1386 1473 1432 prae-

93 1447 136 1484 11
156 1439 261 1483 sidio
296 1439 493 1497 imposito
528 1437 641 1482 801·ae
671 1437 927 1496 relinquunt.
990 1438 1160 1494 Omnes,
1191 1437 1261 1496 qui
1293 1437 1471 1482 Romam

157 1503 327 1548 deducti
366 1507 498 1557 erant,
530 1501 660 1559 virgis
696 1502 740 1545 in
775 1502 866 1547 foro
903 1502 999 1547 caesi
1034 1518 1082 1547 ac
1117 1503 1254 1547 securi
1289 1501 1477 1560 percussi

157 1583 318 1612 summo
355 1567 507 1626 gaudio
543 1565 690 1623 plebis,
729 1567 848 1624 eujus
885 1566 1063 1611 maxime
1098 1567 1300 1611 intererat
1339 1570 1476 1611 tutam

156 1632 326 1690 ubique,
363 1648 455 1690 quae
494 1630 648 1688 passim
690 1631 733 1673 in
773 1631 955 1675 colonias
996 1632 1249 1684 mitteretur,
1286 1631 1478 1675 multitu-

159 1696 299 1741 dinem
319 1712 423 1741 esse.

44 1767 147 1822 (25)
221 1761 424 1805 Consules
453 1760 504 1806 ab
534 1762 637 1808 Sora
663 1761 842 1820 profecti
870 1761 912 1805 in
940 1775 1062 1819 agros
1091 1764 1217 1819 atque
1244 1759 1368 1804 urbes
1390 1761 1480 1803 Au·

160 1841 307 1870 sonum
331 1825 482 1870 bellum
505 1827 764 1872 intulerunt:
797 1830 912 1869 mota
938 1841 1117 1883 namque
1139 1825 1276 1869 onmia
1295 1824 1479 1868 adventu

160 1890 423 1945 Samnitium,
445 1907 571 1949 quum
595 1891 706 1950 apud
727 1889 933 1935 Lautulas
954 1889 1194 1934 dimicatum
1218 1893 1296 1945 est,
1312 1889 1478 1933 fuerant

119 1955 550 2013 2conjurationesquc
571 1956 681 2000 circa
710 1954 978 2012 Campaniam
1008 1954 1162 2012 passim
1191 1953 1323 1999 factae.
1386 1952 1478 1998 Nec

159 2019 304 2077 Capua
337 2019 429 2077 ipsa
463 2021 635 2065 crimine
672 2020 831 2065 caruit:
878 2019 979 2074 quin
1014 2019 1191 2063 Romam
1230 2033 1395 2076 quoque
1435 2023 1479 2062 et

119 2082 212 2127 3ad
245 2083 480 2141 principum
521 2083 718 2143 quosdam
757 2082 1004 2142 inquirendo
1039 2086 1212 2127 ventum
1248 2086 1326 2127 est.
1388 2080 1479 2126 Cae-

159 2152 298 2192 terum
327 2148 547 2192 Ausonum
575 2164 679 2208 gens
709 2147 944 2206 proditione
971 2145 1138 2193 urbium
1166 2146 1277 2192 sicut
1306 2146 1410 2191 Sora
1435 2146 1480 2191 in

120 2215 412 2272 4potestatcm
455 2213 582 2259 venit.
662 2213 837 2260 Ausona
875 2216 919 2260 et
959 2211 1201 2259 Menturnoe
1239 2213 1283 2258 ct
1326 2209 1480 2259 Vescia
