1649 2452
196 98 275 136 580
507 97 554 136 Τ.
586 96 737 136 L1v11
772 95 1189 135 HISTORIARUM
1313 144 1357 188 [A
1383 147 1409 178 c
1437 147 1507 179 30&

195 190 471 235 abdicarunt:
503 194 561 244 te,
580 205 659 234 nec
689 189 801 247 quod
835 189 923 234 dies
958 190 1045 234 exit
1075 204 1260 234 censurae
1288 203 1367 233 nec
1397 188 1507 246 quod

194 255 354 313 collega
374 255 624 313 magistratu
646 254 747 298 abiit
775 270 852 298 nec
879 255 947 298 lex
967 269 1044 298 nec
1072 253 1208 311 pudor
1227 256 1406 304 coercet,
1426 253 1508 296 vir-

191 322 329 364 tutem
369 320 414 363 in
453 318 649 376 superbia
687 318 730 362 in
771 318 944 362 audacia
976 318 1021 361 in
1050 321 1298 374 contemptu
1337 316 1509 360 deorum

152 382 489 440 9hominumque
524 382 657 439 ponis.
718 381 813 440 Ego
845 386 900 434 te,
935 382 1050 438 Appi
1082 380 1246 435 Claudi,
1278 395 1353 438 pro
1385 380 1508 424 istius

190 447 462 504 magistratus
483 446 704 503 majestate
725 461 773 490 ac
793 445 1054 499 verecundia,
1074 460 1195 502 quem
1217 445 1401 502 gessisti,
1423 459 1508 488 non

190 511 314 555 modo
348 526 477 554 manu
505 510 707 553 violatum
740 509 815 554 sed
843 525 896 553 ne
925 509 1053 553 ve'rbo
1084 508 1251 566 quidem
1285 508 1509 552 inclemen-

190 575 289 618 tiori
316 590 341 618 a
370 589 435 618 me
466 574 717 631 appellatum
748 573 910 625 vellem,
943 572 1016 616 sed
1048 576 1089 616 et
1120 572 1220 624 haec,
1252 587 1344 629 quae
1374 571 1509 616 adhuc

191 639 271 695 egi,
295 638 528 695 pervicacia
557 642 633 681 tua
653 642 696 681 et
718 637 913 695 superbia
939 637 1080 694 coegit
1109 651 1173 679 me
1200 635 1326 694 loqui,
1350 639 1405 688 et,
1427 635 1510 680 nisi

195 702 377 746 AEmih'ae
397 702 481 759 legi
501 703 700 759 parueris,
717 702 761 746 in
775 701 943 745 vincula
963 701 1060 745 duci
1075 699 1242 758 jubebo,
1265 715 1355 750 nec,
1377 715 1504 757 quum

192 766 254 810 ita
290 769 575 824 comparatum
608 781 633 809 a
661 765 887 823 majoribus
919 765 974 809 sit
1004 768 1053 809 ut
1084 764 1263 808 comitiis
1295 764 1507 819 censoriis,

191 831 272 874 nisi
300 830 382 874 duo
413 830 671 874 confecerint
701 829 891 886 legitima
918 829 1127 884 suffragia,
1151 842 1237 871 non
1264 827 1506 872 renuntiato

191 894 322 938 altero
343 894 511 938 comitia
533 893 791 946 differantur,
810 908 888 951 ego
909 896 963 945 te,
982 892 1054 950 qui
1075 892 1187 935 solus
1209 907 1356 936 censor
1376 891 1508 936 creari

125 966 173 1004 lo
191 973 274 1002 non
303 959 450 1016 possis,
479 958 613 1002 solum
645 972 864 1001 censuram
896 972 1041 1014 gerere
1071 957 1246 1013 patiar.''
1307 956 1415 1000 Haec
1444 960 1509 999 ta-

189 1022 326 1080 liaque
366 1038 493 1080 quum
536 1022 723 1074 dixisset,
754 1021 903 1078 prendi
943 1035 1158 1065 censorem
1191 1023 1234 1064 et
1266 1019 1310 1063 in
1343 1019 1509 1064 vincula

189 1087 285 1131 duci
302 1087 450 1145 jussit:
484 1085 810 1144 adprobantibus
829 1101 903 1130 sex
917 1084 1100 1129 tribunis
1118 1084 1322 1129 actionem
1339 1083 1508 1141 collegae

187 1155 274 1196 tres
297 1151 523 1209 appellanti
543 1151 682 1208 Appio
704 1150 857 1194 auxilio
878 1150 1063 1201 fuerunt,
1088 1163 1333 1207 summaque
1352 1148 1509 1193 invidia

188 1215 373 1260 omnium
394 1215 587 1259 ordinum
608 1215 722 1259 solus
744 1229 961 1259 censuram
985 1213 1130 1271 gessit.

78 1279 177 1333 (35)
246 1281 360 1324 Dum
390 1295 440 1324 ea
469 1280 616 1324 Romae
646 1282 864 1338 geruntur,
890 1281 981 1335 jam
1014 1277 1202 1320 Sutrium
1233 1276 1285 1320 ab
1315 1277 1507 1322 Etruscis

188 1343 458 1388 obsidebatur
479 1344 721 1401 consulique
750 1342 879 1386 Fabio
907 1342 1001 1385 imis
1023 1341 1236 1385 montibus
1264 1340 1434 1385 ducenti
1455 1342 1507 1386 ad

186 1408 399 1453 ferendam
421 1423 540 1466 opem
564 1409 686 1452 sociis
707 1405 1056 1464 temptandasque
1083 1405 1340 1450 munitiones
1368 1407 1403 1450 si
1425 1422 1508 1463 qua

186 1477 342 1531 posset,
387 1473 495 1517 acies
536 1473 721 1517 hostium
756 1472 968 1515 instructa
1001 1470 1197 1525 occurrit,
1233 1485 1411 1528 quornm
1444 1471 1508 1514 in-

185 1541 356 1595 gentem
395 1537 709 1581 multitudinem
750 1551 878 1594 quum
919 1534 1160 1579 ostenderet
1200 1534 1390 1592 subjecta
1422 1534 1506 1580 late

185 1601 390 1659 planities,
421 1602 578 1655 consul,
599 1605 648 1645 ut
677 1601 766 1644 loco
797 1599 1049 1657 paucitatem
1078 1614 1248 1643 suorum
1277 1598 1505 1657 adjuvaret,

184 1667 318 1710 flectit
348 1666 562 1724 paululum
593 1665 637 1709 in
665 1665 792 1709 clivos
824 1667 1200 1722 agmen—aspreta
1226 1667 1345 1708 erant
1373 1668 1506 1708 strata

143 1740 167 1777 2
185 1731 367 1786 saxis—,
384 1729 480 1774 inde
502 1730 621 1788 signa
637 1729 681 1773 in
700 1729 864 1772 hostem
881 1727 1077 1772 obvertit.
1127 1727 1299 1772 Etrusci
1319 1728 1504 1772 omnium

183 1798 336 1852 praeter
371 1810 495 1852 quam
531 1793 812 1837 multitudinis
850 1807 948 1845 suae,
989 1806 1071 1847 qua
1106 1791 1194 1836 sola
1232 1791 1331 1836 freti
1370 1797 1502 1845 erant,

181 1858 443 1903 immemores
470 1857 660 1915 proelium
687 1859 834 1901 ineunt
862 1856 966 1900 adeo
986 1856 1141 1913 raptim
1161 1859 1205 1900 et
1226 1855 1343 1899 avide
1364 1859 1412 1899 ut
1434 1857 1505 1900 ab·

178 1923 302 1981 jectis
323 1922 563 1975 missilibus,
587 1936 670 1979 quo
698 1921 874 1966 celerius
901 1936 1050 1964 manus
1078 1923 1359 1973 consererent,
1380 1920 1504 1964 strin-

182 1991 331 2045 gerent
367 1986 526 2044 gladios
567 1985 767 2030 vadentes
802 1985 847 2029 in
881 1985 1071 2029 hostem:
1104 1984 1321 2028 Romanus
1357 1988 1504 2028 contra

182 2066 294 2095 nunc
333 2052 419 2095 tela
457 2051 580 2095 nunc'
609 2066 721 2102 saxa,
760 2049 911 2107 quibus
948 2064 1019 2093 eos
1054 2047 1226 2092 adfatim
1261 2047 1378 2092 locus
1412 2048 1502 2105 ipse

183 2114 382 2167 armabat,
414 2116 632 2172 ingerere:
674 2115 806 2171 igitur
840 2118 961 2158 scuta
995 2111 1206 2171 galeaeque
1240 2111 1335 2156 ictae
1371 2127 1499 2169 quum

183 2179 309 2224 etiam
331 2194 435 2236 quos
456 2194 540 2223 non
567 2179 887 2223 vuhieraverant
918 2177 1333 2234 turbarent—neque
1361 2175 1502 2221 subire

183 2246 276 2291 erat
304 2243 426 2290 facile
455 2243 509 2290 ad
538 2243 771 2305 propiorem
800 2257 985 2302 pugnam
1012 2255 1148 2302 neque
1174 2240 1348 2288 missilia
1375 2239 1503 2291 habe·
