1649 2452
254 156 333 201 660
574 164 619 203 T.
642 158 790 202 mvn
823 157 1239 203 HISTORIARUM
1367 219 1412 259 [A
1442 220 1467 252 c
1494 218 1556 252 ²93

251 257 420 304 Quirini
440 257 659 310 dedicavit,
683 272 806 315 quam
826 256 871 300 in
891 256 982 314 ipsa
1002 256 1267 303 dimicatione
1287 262 1427 304 votam
1455 261 1568 318 apud

249 323 455 367 neminem
475 327 661 367 veterem
682 326 895 366 auctorem
915 322 1094 376 invenio,
1116 339 1254 381 neque
1280 324 1450 370 hercule
1477 329 1566 370 tam

247 387 399 444 exiguo
424 391 612 444 tempore
643 387 841 444 perficere
871 387 1108 443 potuisset:
1141 387 1192 431 ab
1214 387 1418 434 dictatore
1447 394 1567 447 patre

248 459 386 495 votam
407 451 517 495 filius
540 450 687 495 consul
711 449 919 494 dedicavit
939 451 1240 509 exornavitque
1267 452 1452 497 hostium
1473 469 1566 510 spo·

247 513 323 567 liis,
347 531 523 572 quorum
545 519 666 559 tanta
686 513 915 558 multitudo
943 514 1026 558 fuit
1051 519 1100 558 ut
1128 530 1213 559 non
1239 516 1442 573 templum
1470 521 1564 562 tan-

244 583 335 622 tum
357 579 578 636 forumque
599 579 649 622 iis
671 581 892 622 ornaretur
913 578 988 622 sed
1015 579 1138 623 sociis
1167 580 1292 624 etiam
1322 580 1564 639 colonisque

244 642 430 687 finitimis
452 643 505 687 ad
519 643 770 700 templorum
792 643 1061 700 locorumque
1081 642 1343 700 publicorum
1365 649 1563 691 ornatum

208 707 539 752 5dividerentur.
601 707 669 751 Ab
699 707 914 764 triumpho
946 707 1176 751 exercitum
1203 709 1248 752 in
1275 724 1423 766 agrum
1452 710 1560 755 Ves-

241 771 392 825 cinum,
429 772 526 829 quia
559 771 676 829 regio
709 786 758 814 ea
791 770 946 814 infesta
981 770 1032 815 ab
1067 771 1323 817 Samnitibus
1359 777 1462 826 erat,
1496 773 1562 819 hi-

205 842 226 876 (5
243 835 460 880 bernatum
482 836 616 880 duxit.
677 835 798 879 Inter
817 835 907 879 haec
931 834 1135 880 Carvilius
1159 837 1303 880 consul
1325 837 1368 880 in
1388 837 1562 884 Etruria

239 899 423 944 Troilum
445 901 623 958 primum
646 915 890 957 oppugnare
911 899 1083 944 adortus
1106 900 1434 959 quadringentos
1466 918 1561 960 sep-

238 964 432 1020 tuaginta
453 964 694 1015 ditissimos,
718 964 895 1021 pecunia
914 963 1062 1021 grandi
1091 970 1235 1021 pactos
1259 971 1306 1009 ut
1328 965 1441 1010 abire
1461 967 1560 1011 inde

238 1027 394 1082 liceret,
417 1028 591 1082 dimisit,
615 1033 807 1073 caeteram
838 1027 1150 1072 multitudinem
1185 1028 1466 1088 oppidumque
1496 1031 1559 1086 ip-

203 1099 332 1137 'ae'sum
351 1093 393 1137 vi
424 1093 547 1149 cepit.
609 1092 717 1137 Inde
738 1092 921 1150 quinque
942 1092 1113 1136 castella
1139 1092 1241 1137 locis
1272 1093 1354 1137 sita
1384 1094 1558 1139 munitis

201 1165 221 1200 8
237 1158 505 1215 expugnavit.
568 1157 689 1201 Caesa
708 1156 764 1201 ibi
788 1156 972 1200 hostium
995 1155 1078 1200 duo
1099 1157 1227 1201 millia
1248 1157 1556 1216 quadringenti,

201 1232 220 1265 ί)
238 1221 373 1265 minus
399 1221 482 1266 duo
510 1222 638 1265 millia
667 1221 791 1277 capti.
852 1221 911 1264 Et
938 1220 1111 1265 Faliscis
1140 1236 1284 1279 pacem
1315 1222 1553 1279 petentibus

235 1301 394 1330 annuas
416 1285 605 1330 inducias
628 1285 742 1329 dedit
774 1289 922 1343 pactus
945 1289 1114 1329 centum
1142 1285 1271 1329 millia
1300 1286 1440 1344 gravis
1461 1286 1554 1331 aeris

234 1353 277 1393 et
310 1350 567 1408 stipendium
599 1350 690 1408 ejus
722 1350 820 1393 anni
850 1348 1079 1393 militibus:
1114 1349 1178 1393 his
1208 1349 1334 1394 rebus
1365 1350 1470 1395 actis
1501 1350 1554 1395 ad

233 1414 488 1472 triumphum
523 1414 714 1467 decessit,
749 1418 799 1458 ut
836 1415 971 1457 minus
1007 1413 1164 1458 clarum
1201 1413 1252 1458 de
1294 1413 1553 1459 Samnitibus

233 1493 354 1535 quam
378 1479 547 1537 collegae
569 1478 807 1536 triumphus
825 1478 974 1530 fuerat,
993 1477 1054 1521 ita
1075 1477 1241 1522 cumulo
1262 1478 1433 1524 Etrusci
1455 1479 1553 1524 belli

233 1548 467 1600 aequatum:
502 1543 593 1588 aeris
623 1543 762 1601 gravis
793 1543 892 1586 tulit
923 1543 968 1586 in
996 1542 1184 1586 aerarium
1216 1547 1405 1587 trecenta
1434 1547 1551 1588 octo-

233 1607 352 1664 ginta
378 1607 520 1661 millia,
543 1607 704 1665 reliquo
730 1622 810 1651 aere
833 1606 964 1651 aedem
992 1606 1132 1651 Fortis
1164 1607 1363 1651 Fortun-ce
1385 1607 1436 1652 de
1463 1623 1550 1652 ma-

234 1671 370 1716 nubiis
392 1671 620 1716 faciendam
653 1671 806 1716 locavit
827 1686 955 1728 prope
983 1670 1113 1715 aedem
1141 1671 1231 1729 ejus
1252 1672 1339 1716 deae
1370 1671 1422 1716 ab
1448 1687 1548 1731 rege

235 1736 377 1780 Servio
418 1736 554 1780 Tullio
585 1735 845 1780 dedicatam:
888 1739 932 1779 et
962 1735 1164 1780 militibus
1196 1750 1247 1780 ex
1278 1736 1418 1793 praeda
1451 1751 1547 1781 cen-

230 1806 350 1845 tenos
371 1800 490 1845 binos
519 1816 633 1844 asses
662 1804 705 1844 ct
736 1799 914 1844 alterum
941 1803 1106 1844 tantum
1137 1800 1451 1845 centurionibus
1483 1804 1546 1846 at-

229 1881 308 1923 que
329 1865 542 1923 equitibus
573 1865 834 1924 malignitate
856 1864 1024 1923 eollegae
1051 1865 1213 1923 gratius
1242 1865 1542 1923 accipientibus

167 1940 212 1975 10
229 1945 377 1974 munus
406 1929 560 1974 divisit.
619 1929 756 1974 Favor
776 1929 957 1973 consulis
986 1933 1152 1973 tutatus
1174 1929 1225 1973 ad
1253 1929 1454 1987 populum
1476 1936 1542 1975 est

224 1993 273 2037 L.
297 1994 558 2038 Postumium
582 1993 767 2052 legatum
789 1997 892 2049 ejus,
917 1994 988 2051 qui
1019 1994 1131 2038 dicta
1151 1993 1217 2038 die
1239 2010 1262 2037 a
1285 1995 1345 2038 M.
1371 1994 1541 2039 Scantio

223 2058 392 2102 tribuno
423 2058 554 2116 plebis
589 2059 756 2116 fugerat
787 2059 829 2102 in
871 2058 1117 2115 legationem
1150 2064 1198 2102 ut
1242 2059 1349 2102 fama
1379 2059 1539 2103 screbat

223 2122 363 2180 populi
377 2123 597 2180 judicium,
615 2123 848 2181 jactarique
871 2123 1001 2181 magis
1019 2138 1142 2181 quam
1164 2123 1305 2181 peragi
1327 2124 1539 2168 accusatio

223 2187 312 2244 ojus
334 2191 512 2245 poterat.

113 2255 209 2309 (47)
282 2252 441 2296 Exacto
479 2252 563 2309 jam
606 2267 713 2296 anno
754 2252 850 2296 novi
881 2251 1036 2296 tribuni
1075 2251 1206 2309 plebis
1243 2252 1534 2310 magistratum

222 2316 412 2370 inierant,
447 2316 593 2375 hisque
624 2317 738 2375 ipsis,
769 2317 864 2374 quia
896 2316 998 2361 vitio
1030 2317 1157 2362 creati
1190 2323 1321 2371 crant,
1352 2317 1535 2377 quinque
