1649 2452
211 99 295 140 608
535 101 582 142 T.
606 101 754 141 LIVII
787 101 1203 143 HISTORIARUM
1325 154 1371 193 [A
1400 154 1424 185 C
1452 154 1511 186 3⁰0

215 207 339 251 quem
358 192 403 238 in
429 194 650 239 consulatu
676 194 874 254 collegam
901 196 1054 241 habere
1079 190 1270 254 potuisti,
1293 199 1413 251 quus
1440 199 1525 238 tam

216 256 432 302 dictatoris
453 258 652 316 magister
673 259 860 316 equitum
883 276 1005 318 quam
1026 260 1216 319 magistri
1237 259 1425 317 equitum
1446 258 1527 303 dic-

176 323 330 365 4tator
350 337 441 366 esse
462 326 594 378 potes.
658 322 859 367 Sabinum
889 323 1102 376 advenam,
1127 323 1353 381 principem
1382 322 1529 367 nobili-

215 385 296 429 tati
323 389 609 430 vestrae—seu
639 387 807 430 Attium
839 387 1037 432 Clausum
1069 404 1144 432 seu
1173 389 1284 445 App.
1308 386 1529 431 Claudium

217 449 531 494 mavultis—illi
562 451 723 508 antiqui
750 451 915 506 patricii
940 452 985 495 in
1015 467 1138 496 suum
1167 466 1387 495 numerum
1415 465 1530 496 aece-

217 517 394 570 perunt:
426 529 479 558 ne
499 514 724 558 fastidieris
744 530 821 559 nos
850 515 895 559 in
923 515 1185 560 sacerdotum
1215 530 1436 559 numerum
1463 529 1531 559 ae-

178 585 200 621 5
217 577 367 635 cipere.
418 576 561 621 Multa
580 577 794 622 nobiscum
818 578 968 623 decora
988 579 1225 632 adferimus,
1243 579 1369 623 immo
1392 579 1532 623 omnia

217 641 361 685 eadem
392 656 485 699 quae
512 657 587 685 vos
619 642 819 699 superbos
851 643 1065 688 fecerunt:
1097 643 1149 687 L.
1174 643 1344 687 Sextius
1373 638 1531 700 primus
1614 651 1616 655 ’

218 705 269 750 de
303 705 424 762 plebe
460 705 605 749 consul
640 710 704 750 est
739 706 891 760 faetus,
925 708 970 751 C.
992 707 1181 752 Licinius
1219 707 1336 751 Stolo
1371 706 1532 764 primus

216 769 418 826 magister
438 770 639 827 equitum,
664 770 710 814 C.
732 770 919 815 Marcius
948 771 1121 815 Rutilus
1147 771 1306 828 primus
1334 776 1377 815 et
1406 769 1532 814 dicta-

181 841 202 876 6
217 836 285 878 tor
305 837 348 878 et
370 849 528 887 censor,
553 835 606 882 Q.
628 835 834 879 Publilius
856 835 978 880 Philo
998 836 1157 893 primus
1187 838 1355 893 praetor.
1418 835 1535 879 Sem-

217 913 292 956 per
325 898 409 942 ista
444 899 587 943 audita
622 902 721 943 sunt
753 899 909 953 eadem,
943 916 1070 957 penes
1101 915 1175 944 vos
1212 899 1399 957 auspicia
1428 914 1532 952 esse,

217 978 291 1007 vos
313 962 423 1007 solos
444 967 614 1021 gentem
634 963 786 1008 habere
814 979 888 1008 vos
917 964 1027 1008 solos
1053 965 1218 1022 justum
1244 963 1463 1021 imperium
1491 967 1534 1007 et

180 1027 450 1084 'lauspicium
487 1026 598 1071 domi
631 1027 884 1085 militiasque.
946 1029 1085 1086 AEque
1122 1028 1257 1073 adhuc
1290 1043 1534 1086 prosperum

218 1090 426 1148 plebeium
454 1094 497 1136 et
524 1092 743 1149 patricium
774 1093 856 1137 fuit
884 1107 1091 1150 porroque
1119 1093 1212 1148 erit,
1235 1092 1451 1140 Quirites:
1484 1107 1538 1136 cn

218 1171 445 1213 numquam
479 1155 605 1200 fando
641 1156 832 1208 audistis,
868 1156 1066 1214 patricios
1101 1156 1235 1214 primo
1271 1171 1362 1200 esse
1402 1155 1534 1200 factos

218 1235 302 1264 non
323 1220 374 1264 de
395 1220 497 1265 coelo
527 1220 727 1265 demissos
757 1220 829 1265 sed
859 1221 931 1279 qui
958 1224 1120 1278 patrem
1150 1221 1258 1265 cie-re
1286 1223 1471 1278 possent,
1493 1219 1538 1264 id

220 1294 285 1328 est
314 1284 419 1328 nihil
449 1284 561 1329 ultra
592 1300 716 1343 quam
746 1286 984 1343 ingenuos?
1017 1284 1231 1330 consulem
1255 1287 1344 1342 jam
1375 1288 1539 1342 patrem

181 1355 202 1391 8
221 1348 329 1393 ciere
350 1364 522 1406 possum
549 1364 755 1407 avumque
780 1353 870 1406 jam
900 1350 1058 1407 poterit
1087 1349 1196 1393 filius
1225 1364 1356 1393 meus,
1418 1347 1539 1393 Nihil

222 1416 287 1458 est
315 1412 428 1457 aliud
454 1413 499 1457 in
528 1429 587 1465 re,
617 1414 820 1468 Quirites,
848 1414 930 1458 nisi
959 1418 1009 1458 ut
1037 1414 1176 1458 omnia
1202 1417 1357 1472 negata
1386 1412 1540 1470 adipis-

223 1492 389 1522 camur:
423 1481 634 1522 certamen
668 1481 835 1522 tantum
876 1478 1041 1535 patricii
1081 1481 1232 1536 petunt
1273 1492 1350 1522 nee
1390 1479 1540 1522 curant

185 1548 208 1585 9
225 1557 347 1599 quem
369 1545 565 1587 eventum
594 1543 867 1587 certaminum
898 1542 1091 1587 habeant.
1153 1541 1246 1600 Ego
1266 1541 1375 1586 hane
1404 1541 1540 1600 legem

223 1605 393 1663 —quod
413 1605 569 1651 bonum
589 1606 776 1651 faustum
797 1607 979 1664 felixque
1002 1607 1059 1651 sit
1075 1606 1193 1651 vobis
1216 1621 1263 1651 ac
1284 1606 1345 1650 rei
1365 1605 1541 1663 publica:

141 1675 210 1730 (9)
224 1671 347 1715 —uti
367 1686 489 1729 rogas
506 1670 732 1729 jubendam
751 1671 941 1715 cense0.'’
992 1671 1156 1715 Vocare
1172 1670 1309 1715 tribus
1331 1669 1541 1727 extemplo

225 1735 404 1793 populus
420 1735 595 1793 jubebat
617 1735 925 1793 apparebatque
954 1735 1085 1793 accipi
1112 1735 1272 1793 legem:
1304 1734 1374 1779 ille
1400 1737 1542 1778 tamen

225 1801 312 1844 dies
348 1800 646 1844 intercessione
682 1804 747 1844 est
783 1799 999 1845 sublatus:
1031 1803 1203 1858 postero
1233 1798 1299 1843 die
1330 1798 1542 1843 deterritis

225 1864 405 1908 tribunis
427 1864 589 1922 ingenti
610 1879 817 1908 consensu
838 1867 1010 1921 accepta.
1031 1867 1122 1908 est:
1155 1864 1372 1922 pontifices
1401 1877 1543 1907 crean-

225 1932 296 1972 tur
318 1944 463 1973 suasor
483 1929 587 1987 legis
621 1930 666 1971 P.
690 1929 846 1973 Decius
877 1929 979 1973 Mus
1007 1929 1056 1973 P.
1081 1928 1348 1986 Sempronius
1378 1927 1542 1984 Sophus

228 1993 274 2037 C.
290 1993 478 2038 Marcius
500 1992 674 2037 Rutilus
695 1992 758 2037 M.
774 1993 921 2037 Livius
945 1994 1130 2046 Denter3
1159 1993 1341 2051 quinque
1362 2006 1543 2048 augures

225 2057 327 2101 item
357 2057 408 2102 de
438 2057 559 2115 plebe
591 2057 638 2102 C.
662 2057 874 2102 Genucius
905 2057 953 2102 P.
977 2057 1114 2102 AElius
1145 2057 1287 2101 Paetus
1320 2057 1380 2099 M.
1403 2055 1544 2100 Minu·

227 2121 316 2166 cius
352 2121 496 2166 Faesus
532 2121 579 2166 C.
603 2121 790 2166 Marcius
826 2122 873 2166 T.
896 2122 1128 2166 Publilius:
1161 2121 1222 2166 ita
1250 2124 1346 2165 octo
1378 2120 1544 2177 pontifi·

188 2193 323 2230 2cu111
358 2201 508 2232 novem
544 2202 750 2245 augurum
786 2202 986 2231 numerus
1028 2186 1177 2231 factus.
1238 2184 1399 2230 Eodem
1433 2198 1543 2228 anno

230 2250 292 2295 M.
315 2250 509 2296 Valerius
545 2251 691 2297 consul
726 2250 777 2297 de
817 2251 1111 2310 provocatione
1145 2250 1280 2310 legem
1315 2248 1417 2295 tulit
1451 2247 1543 2294 dili·
