<?xml version="1.0" encoding="UTF-8"?>
<!DOCTYPE html PUBLIC "-//W3C//DTD XHTML 1.0 Transitional//EN"
    "http://www.w3.org/TR/xhtml1/DTD/xhtml1-transitional.dtd">
<html xmlns="http://www.w3.org/1999/xhtml" xml:lang="en" lang="en">
 <head>
  <title>
</title>
<meta http-equiv="Content-Type" content="text/html;charset=utf-8" />
  <meta name='ocr-system' content='tesseract 3.04.00' />
  <meta name='ocr-capabilities' content='ocr_page ocr_carea ocr_par ocr_line ocrx_word'/>
</head>
<body>
  <div class='ocr_page' id='page_1' title='image "./historiarum00livyuoft_0088.png"; bbox 0 0 1649 2452; ppageno 0'>
   <div class='ocr_carea' id='block_1_1' title="bbox 174 57 1476 155">
    <p class='ocr_par' dir='ltr' id='par_1_1' title="bbox 174 57 1476 155">
     <span class='ocr_line' id='line_1_1' title="bbox 174 57 1476 155; baseline 0.002 -56"><span class='ocrx_word' id='word_1_1' title='bbox 174 61 254 99; x_wconf 82' lang='lat'><strong>440</strong></span> <span class='ocrx_word' id='word_1_2' title='bbox 485 57 546 100; x_wconf 83' lang='lat' dir='ltr'><strong>&#39;T.</strong></span> <span class='ocrx_word' id='word_1_3' title='bbox 571 60 720 100; x_wconf 89' lang='lat' dir='ltr'>LIVII</span> <span class='ocrx_word' id='word_1_4' title='bbox 750 59 1170 100; x_wconf 77' lang='lat' dir='ltr'>HISTORTARUM</span> <span class='ocrx_word' id='word_1_5' title='bbox 1286 112 1332 155; x_wconf 84' lang='lat' dir='ltr'><strong>[A</strong></span> <span class='ocrx_word' id='word_1_6' title='bbox 1361 114 1387 146; x_wconf 74' lang='lat' dir='ltr'>c</span> <span class='ocrx_word' id='word_1_7' title='bbox 1417 115 1476 147; x_wconf 84' lang='lat'><strong>355</strong></span> 
     </span>
    </p>
   </div>
   <div class='ocr_carea' id='block_1_2' title="bbox 128 154 1491 1311">
    <p class='ocr_par' dir='ltr' id='par_1_2' title="bbox 128 154 1491 1311">
     <span class='ocr_line' id='line_1_2' title="bbox 131 154 1490 213; baseline 0.002 -15"><span class='ocrx_word' id='word_1_8' title='bbox 131 158 257 198; x_wconf 82' lang='lat' dir='ltr'><strong>4tur.</strong></span> <span class='ocrx_word' id='word_1_9' title='bbox 315 154 431 198; x_wconf 87' lang='lat' dir='ltr'><strong>Dum</strong></span> <span class='ocrx_word' id='word_1_10' title='bbox 451 154 540 199; x_wconf 87' lang='lat' dir='ltr'><strong>haec</strong></span> <span class='ocrx_word' id='word_1_11' title='bbox 567 155 808 213; x_wconf 86' lang='lat' dir='ltr'><strong>loquuntur,</strong></span> <span class='ocrx_word' id='word_1_12' title='bbox 827 156 1019 212; x_wconf 86' lang='lat' dir='ltr'><strong>jumenta</strong></span> <span class='ocrx_word' id='word_1_13' title='bbox 1047 156 1155 199; x_wconf 80' lang='lat' dir='ltr'><strong>forte</strong></span> <span class='ocrx_word' id='word_1_14' title='bbox 1182 156 1398 213; x_wconf 87' lang='lat' dir='ltr'><strong>pascentia</strong></span> <span class='ocrx_word' id='word_1_15' title='bbox 1418 172 1490 201; x_wconf 80' lang='lat' dir='ltr'><strong>ex-</strong></span> 
     </span>
     <span class='ocr_line' id='line_1_3' title="bbox 172 218 1489 277; baseline 0.002 -15"><span class='ocrx_word' id='word_1_16' title='bbox 172 222 241 263; x_wconf 89' lang='lat' dir='ltr'><strong>tra</strong></span> <span class='ocrx_word' id='word_1_17' title='bbox 267 218 422 263; x_wconf 87' lang='lat' dir='ltr'><strong>vallum</strong></span> <span class='ocrx_word' id='word_1_18' title='bbox 453 218 572 263; x_wconf 89' lang='lat' dir='ltr'><strong>Gallo</strong></span> <span class='ocrx_word' id='word_1_19' title='bbox 604 219 791 277; x_wconf 80' lang='lat' dir='ltr'>abigenti</span> <span class='ocrx_word' id='word_1_20' title='bbox 821 220 904 264; x_wconf 93' lang='lat' dir='ltr'><strong>duo</strong></span> <span class='ocrx_word' id='word_1_21' title='bbox 931 220 1085 264; x_wconf 79' lang='lat' dir='ltr'><strong>milites</strong></span> <span class='ocrx_word' id='word_1_22' title='bbox 1115 220 1296 264; x_wconf 83' lang='lat' dir='ltr'><strong>Romani</strong></span> <span class='ocrx_word' id='word_1_23' title='bbox 1326 220 1489 265; x_wconf 91' lang='lat' dir='ltr'><strong>ademe-</strong></span> 
     </span>
     <span class='ocr_line' id='line_1_4' title="bbox 169 283 1491 341; baseline 0.002 -13"><span class='ocrx_word' id='word_1_24' title='bbox 169 286 296 329; x_wconf 88' lang='lat' dir='ltr'><strong>runt:</strong></span> <span class='ocrx_word' id='word_1_25' title='bbox 328 283 374 328; x_wconf 91' lang='lat' dir='ltr'><strong>in</strong></span> <span class='ocrx_word' id='word_1_26' title='bbox 393 299 464 328; x_wconf 88' lang='lat' dir='ltr'><strong>eos</strong></span> <span class='ocrx_word' id='word_1_27' title='bbox 490 299 591 328; x_wconf 82' lang='lat' dir='ltr'><strong>saxa</strong></span> <span class='ocrx_word' id='word_1_28' title='bbox 610 287 801 341; x_wconf 84' lang='lat' dir='ltr'><strong>conjecta</strong></span> <span class='ocrx_word' id='word_1_29' title='bbox 821 299 846 328; x_wconf 92' lang='lat' dir='ltr'><strong>a</strong></span> <span class='ocrx_word' id='word_1_30' title='bbox 867 284 1021 329; x_wconf 87' lang='lat' dir='ltr'><strong>Gallis:</strong></span> <span class='ocrx_word' id='word_1_31' title='bbox 1054 284 1204 329; x_wconf 91' lang='lat' dir='ltr'><strong>deinde</strong></span> <span class='ocrx_word' id='word_1_32' title='bbox 1225 284 1276 329; x_wconf 87' lang='lat' dir='ltr'><strong>ab</strong></span> <span class='ocrx_word' id='word_1_33' title='bbox 1297 285 1491 330; x_wconf 81' lang='lat' dir='ltr'><strong>Romana</strong></span> 
     </span>
     <span class='ocr_line' id='line_1_5' title="bbox 171 348 1490 407; baseline 0.002 -15"><span class='ocrx_word' id='word_1_34' title='bbox 171 348 355 392; x_wconf 91' lang='lat' dir='ltr'><strong>statione</strong></span> <span class='ocrx_word' id='word_1_35' title='bbox 376 348 532 393; x_wconf 88' lang='lat' dir='ltr'><strong>clamor</strong></span> <span class='ocrx_word' id='word_1_36' title='bbox 552 352 672 393; x_wconf 89' lang='lat' dir='ltr'><strong>ortus</strong></span> <span class='ocrx_word' id='word_1_37' title='bbox 695 363 743 392; x_wconf 86' lang='lat' dir='ltr'><strong>ac</strong></span> <span class='ocrx_word' id='word_1_38' title='bbox 763 363 1012 406; x_wconf 87' lang='lat' dir='ltr'><strong>procursum</strong></span> <span class='ocrx_word' id='word_1_39' title='bbox 1031 349 1246 407; x_wconf 79' lang='lat' dir='ltr'><strong>utrimque</strong></span> <span class='ocrx_word' id='word_1_40' title='bbox 1267 354 1356 394; x_wconf 91' lang='lat' dir='ltr'><strong>est:</strong></span> <span class='ocrx_word' id='word_1_41' title='bbox 1381 352 1490 406; x_wconf 76' lang='lat' dir='ltr'><strong>Jam-</strong></span> 
     </span>
     <span class='ocr_line' id='line_1_6' title="bbox 171 412 1490 471; baseline 0.002 -15"><span class='ocrx_word' id='word_1_42' title='bbox 171 427 253 470; x_wconf 91' lang='lat' dir='ltr'><strong>que</strong></span> <span class='ocrx_word' id='word_1_43' title='bbox 287 412 401 457; x_wconf 88' lang='lat' dir='ltr'><strong>haud</strong></span> <span class='ocrx_word' id='word_1_44' title='bbox 435 414 581 471; x_wconf 89' lang='lat' dir='ltr'><strong>procul</strong></span> <span class='ocrx_word' id='word_1_45' title='bbox 611 415 730 470; x_wconf 87' lang='lat' dir='ltr'><strong>justo</strong></span> <span class='ocrx_word' id='word_1_46' title='bbox 765 413 911 470; x_wconf 87' lang='lat' dir='ltr'><strong>proelio</strong></span> <span class='ocrx_word' id='word_1_47' title='bbox 945 429 1012 457; x_wconf 92' lang='lat' dir='ltr'><strong>res</strong></span> <span class='ocrx_word' id='word_1_48' title='bbox 1048 418 1180 467; x_wconf 89' lang='lat' dir='ltr'><strong>erant,</strong></span> <span class='ocrx_word' id='word_1_49' title='bbox 1217 414 1263 458; x_wconf 90' lang='lat' dir='ltr'><strong>ni</strong></span> <span class='ocrx_word' id='word_1_50' title='bbox 1298 413 1490 459; x_wconf 80' lang='lat' dir='ltr'><strong>celeriter</strong></span> 
     </span>
     <span class='ocr_line' id='line_1_7' title="bbox 133 476 1491 535; baseline 0.004 -17"><span class='ocrx_word' id='word_1_51' title='bbox 133 481 157 518; x_wconf 89' lang='grc'><strong><em>5</em></strong></span> <span class='ocrx_word' id='word_1_52' title='bbox 173 476 426 535; x_wconf 84' lang='lat' dir='ltr'><strong>diremptum</strong></span> <span class='ocrx_word' id='word_1_53' title='bbox 447 481 658 522; x_wconf 84' lang='lat' dir='ltr'><strong>certamen</strong></span> <span class='ocrx_word' id='word_1_54' title='bbox 679 493 753 535; x_wconf 90' lang='lat' dir='ltr'><strong>per</strong></span> <span class='ocrx_word' id='word_1_55' title='bbox 774 477 1040 522; x_wconf 79' lang='lat' dir='ltr'><strong>centuriones</strong></span> <span class='ocrx_word' id='word_1_56' title='bbox 1069 482 1194 523; x_wconf 89' lang='lat' dir='ltr'><strong>esset.</strong></span> <span class='ocrx_word' id='word_1_57' title='bbox 1255 478 1491 523; x_wconf 86' lang='lat' dir='ltr'><strong>Adfirmata</strong></span> 
     </span>
     <span class='ocr_line' id='line_1_8' title="bbox 172 541 1490 599; baseline 0.002 -13"><span class='ocrx_word' id='word_1_58' title='bbox 172 545 287 586; x_wconf 87' lang='lat' dir='ltr'><strong>certe</strong></span> <span class='ocrx_word' id='word_1_59' title='bbox 326 557 376 586; x_wconf 93' lang='lat' dir='ltr'><strong>eo</strong></span> <span class='ocrx_word' id='word_1_60' title='bbox 411 557 512 587; x_wconf 89' lang='lat' dir='ltr'><strong>casu</strong></span> <span class='ocrx_word' id='word_1_61' title='bbox 546 542 673 586; x_wconf 87' lang='lat' dir='ltr'><strong>Tullii</strong></span> <span class='ocrx_word' id='word_1_62' title='bbox 713 542 824 599; x_wconf 89' lang='lat' dir='ltr'><strong>apud</strong></span> <span class='ocrx_word' id='word_1_63' title='bbox 865 541 1112 587; x_wconf 85' lang='lat' dir='ltr'><strong>dictatorem</strong></span> <span class='ocrx_word' id='word_1_64' title='bbox 1152 543 1256 587; x_wconf 88' lang='lat' dir='ltr'><strong>fides</strong></span> <span class='ocrx_word' id='word_1_65' title='bbox 1297 547 1376 595; x_wconf 92' lang='lat' dir='ltr'><strong>est,</strong></span> <span class='ocrx_word' id='word_1_66' title='bbox 1411 558 1490 588; x_wconf 92' lang='lat' dir='ltr'><strong>nec</strong></span> 
     </span>
     <span class='ocr_line' id='line_1_9' title="bbox 171 606 1490 664; baseline 0.002 -14"><span class='ocrx_word' id='word_1_67' title='bbox 171 606 400 663; x_wconf 89' lang='lat' dir='ltr'><strong>recipiente</strong></span> <span class='ocrx_word' id='word_1_68' title='bbox 415 608 504 664; x_wconf 87' lang='lat' dir='ltr'><strong>jam</strong></span> <span class='ocrx_word' id='word_1_69' title='bbox 527 606 769 650; x_wconf 88' lang='lat' dir='ltr'><strong>dilationem</strong></span> <span class='ocrx_word' id='word_1_70' title='bbox 788 622 834 650; x_wconf 88' lang='lat' dir='ltr'><strong>re</strong></span> <span class='ocrx_word' id='word_1_71' title='bbox 854 606 900 650; x_wconf 87' lang='lat' dir='ltr'><strong>in</strong></span> <span class='ocrx_word' id='word_1_72' title='bbox 927 611 1140 664; x_wconf 91' lang='lat' dir='ltr'><strong>posterum</strong></span> <span class='ocrx_word' id='word_1_73' title='bbox 1172 607 1281 651; x_wconf 90' lang='lat' dir='ltr'><strong>diem</strong></span> <span class='ocrx_word' id='word_1_74' title='bbox 1308 607 1490 652; x_wconf 85' lang='lat' dir='ltr'><strong>edicitur</strong></span> 
     </span>
     <span class='ocr_line' id='line_1_10' title="bbox 128 667 1488 729; baseline 0.002 -16"><span class='ocrx_word' id='word_1_75' title='bbox 128 674 152 711; x_wconf 88' lang='lat'>6</span> <span class='ocrx_word' id='word_1_76' title='bbox 173 671 260 715; x_wconf 89' lang='lat' dir='ltr'><strong>acie</strong></span> <span class='ocrx_word' id='word_1_77' title='bbox 280 677 556 729; x_wconf 81' lang='lat' dir='ltr'><strong>pugnaturos.</strong></span> <span class='ocrx_word' id='word_1_78' title='bbox 618 670 816 715; x_wconf 86' lang='lat' dir='ltr'><strong>Dictator</strong></span> <span class='ocrx_word' id='word_1_79' title='bbox 836 678 991 726; x_wconf 84' lang='lat' dir='ltr'><strong>tamen,</strong></span> <span class='ocrx_word' id='word_1_80' title='bbox 1012 675 1062 715; x_wconf 91' lang='lat' dir='ltr'><strong>ut</strong></span> <span class='ocrx_word' id='word_1_81' title='bbox 1084 671 1157 729; x_wconf 90' lang='lat' dir='ltr'><strong>qui</strong></span> <span class='ocrx_word' id='word_1_82' title='bbox 1184 672 1317 729; x_wconf 88' lang='lat' dir='ltr'><strong>magis</strong></span> <span class='ocrx_word' id='word_1_83' title='bbox 1339 667 1488 717; x_wconf 87' lang='lat' dir='ltr'><strong>animis</strong></span> 
     </span>
     <span class='ocr_line' id='line_1_11' title="bbox 173 734 1490 792; baseline 0.002 -13"><span class='ocrx_word' id='word_1_84' title='bbox 173 750 298 792; x_wconf 89' lang='lat' dir='ltr'><strong>quam</strong></span> <span class='ocrx_word' id='word_1_85' title='bbox 333 735 492 780; x_wconf 84' lang='lat' dir='ltr'><strong>viribus</strong></span> <span class='ocrx_word' id='word_1_86' title='bbox 527 735 663 779; x_wconf 83' lang='lat' dir='ltr'><strong>fretus</strong></span> <span class='ocrx_word' id='word_1_87' title='bbox 696 735 748 779; x_wconf 90' lang='lat' dir='ltr'><strong>ad</strong></span> <span class='ocrx_word' id='word_1_88' title='bbox 783 739 996 780; x_wconf 88' lang='lat' dir='ltr'><strong>certamen</strong></span> <span class='ocrx_word' id='word_1_89' title='bbox 1032 734 1317 789; x_wconf 84' lang='lat' dir='ltr'><strong>descenderet,</strong></span> <span class='ocrx_word' id='word_1_90' title='bbox 1349 737 1490 781; x_wconf 90' lang='lat' dir='ltr'><strong>omnia</strong></span> 
     </span>
     <span class='ocr_line' id='line_1_12' title="bbox 172 799 1490 859; baseline 0.002 -16"><span class='ocrx_word' id='word_1_91' title='bbox 172 799 491 857; x_wconf 89' lang='lat' dir='ltr'><strong>circumspicere</strong></span> <span class='ocrx_word' id='word_1_92' title='bbox 522 804 650 858; x_wconf 89' lang='lat' dir='ltr'><strong>atque</strong></span> <span class='ocrx_word' id='word_1_93' title='bbox 677 800 838 858; x_wconf 86' lang='lat' dir='ltr'><strong>agitare</strong></span> <span class='ocrx_word' id='word_1_94' title='bbox 868 801 1008 857; x_wconf 73' lang='lat' dir='ltr'><strong>coepit,</strong></span> <span class='ocrx_word' id='word_1_95' title='bbox 1037 803 1086 844; x_wconf 92' lang='lat' dir='ltr'><strong>ut</strong></span> <span class='ocrx_word' id='word_1_96' title='bbox 1117 803 1207 844; x_wconf 89' lang='lat' dir='ltr'><strong>arte</strong></span> <span class='ocrx_word' id='word_1_97' title='bbox 1238 799 1376 859; x_wconf 86' lang='lat' dir='ltr'><strong>aliqua</strong></span> <span class='ocrx_word' id='word_1_98' title='bbox 1405 805 1490 846; x_wconf 89' lang='lat' dir='ltr'><strong>ter-</strong></span> 
     </span>
     <span class='ocr_line' id='line_1_13' title="bbox 135 863 1487 910; baseline 0.001 -2"><span class='ocrx_word' id='word_1_99' title='bbox 135 866 156 909; x_wconf 87' lang='lat'><strong>7</strong></span> <span class='ocrx_word' id='word_1_100' title='bbox 172 879 306 909; x_wconf 90' lang='lat' dir='ltr'><strong>rorem</strong></span> <span class='ocrx_word' id='word_1_101' title='bbox 340 864 533 909; x_wconf 90' lang='lat' dir='ltr'><strong>hostibus</strong></span> <span class='ocrx_word' id='word_1_102' title='bbox 565 864 787 909; x_wconf 87' lang='lat' dir='ltr'><strong>incuteret.</strong></span> <span class='ocrx_word' id='word_1_103' title='bbox 851 864 1022 908; x_wconf 86' lang='lat' dir='ltr'><strong>Sollerti</strong></span> <span class='ocrx_word' id='word_1_104' title='bbox 1052 863 1188 908; x_wconf 86' lang='lat' dir='ltr'><strong>animo</strong></span> <span class='ocrx_word' id='word_1_105' title='bbox 1219 880 1307 909; x_wconf 89' lang='lat' dir='ltr'><strong>rem</strong></span> <span class='ocrx_word' id='word_1_106' title='bbox 1337 881 1487 910; x_wconf 85' lang='lat' dir='ltr'><strong>novam</strong></span> 
     </span>
     <span class='ocr_line' id='line_1_14' title="bbox 170 928 1490 989; baseline 0.002 -16"><span class='ocrx_word' id='word_1_107' title='bbox 170 929 397 988; x_wconf 81' lang='lat' dir='ltr'><strong>excogitat,</strong></span> <span class='ocrx_word' id='word_1_108' title='bbox 419 945 501 988; x_wconf 92' lang='lat' dir='ltr'><strong>qua</strong></span> <span class='ocrx_word' id='word_1_109' title='bbox 528 928 677 974; x_wconf 90' lang='lat' dir='ltr'><strong>deinde</strong></span> <span class='ocrx_word' id='word_1_110' title='bbox 703 929 827 973; x_wconf 89' lang='lat' dir='ltr'><strong>multi</strong></span> <span class='ocrx_word' id='word_1_111' title='bbox 852 928 988 973; x_wconf 89' lang='lat' dir='ltr'><strong>nostri</strong></span> <span class='ocrx_word' id='word_1_112' title='bbox 1015 932 1141 987; x_wconf 87' lang='lat' dir='ltr'><strong>atque</strong></span> <span class='ocrx_word' id='word_1_113' title='bbox 1169 930 1333 974; x_wconf 84' lang='lat' dir='ltr'><strong>externi</strong></span> <span class='ocrx_word' id='word_1_114' title='bbox 1357 931 1490 989; x_wconf 90' lang='lat' dir='ltr'><strong>impe-</strong></span> 
     </span>
     <span class='ocr_line' id='line_1_15' title="bbox 169 993 1488 1052; baseline 0.002 -15"><span class='ocrx_word' id='word_1_115' title='bbox 169 997 343 1047; x_wconf 89' lang='lat' dir='ltr'><strong>ratores,</strong></span> <span class='ocrx_word' id='word_1_116' title='bbox 376 997 522 1038; x_wconf 89' lang='lat' dir='ltr'><strong>nostra</strong></span> <span class='ocrx_word' id='word_1_117' title='bbox 552 1010 719 1052; x_wconf 90' lang='lat' dir='ltr'><strong>quoque</strong></span> <span class='ocrx_word' id='word_1_118' title='bbox 755 993 924 1052; x_wconf 90' lang='lat' dir='ltr'><strong>quidam</strong></span> <span class='ocrx_word' id='word_1_119' title='bbox 954 997 1078 1038; x_wconf 82' lang='lat' dir='ltr'><strong>aetate</strong></span> <span class='ocrx_word' id='word_1_120' title='bbox 1109 994 1177 1038; x_wconf 89' lang='lat' dir='ltr'><strong>usi</strong></span> <span class='ocrx_word' id='word_1_121' title='bbox 1206 998 1330 1039; x_wconf 91' lang='lat' dir='ltr'><strong>sunt:</strong></span> <span class='ocrx_word' id='word_1_122' title='bbox 1363 995 1488 1040; x_wconf 88' lang='lat' dir='ltr'><strong>mulis</strong></span> 
     </span>
     <span class='ocr_line' id='line_1_16' title="bbox 170 1057 1487 1117; baseline 0.002 -15"><span class='ocrx_word' id='word_1_123' title='bbox 170 1060 305 1102; x_wconf 88' lang='lat' dir='ltr'><strong>strata</strong></span> <span class='ocrx_word' id='word_1_124' title='bbox 325 1057 489 1103; x_wconf 82' lang='lat' dir='ltr'><strong>detrahi</strong></span> <span class='ocrx_word' id='word_1_125' title='bbox 504 1058 629 1116; x_wconf 87' lang='lat' dir='ltr'><strong>jubet</strong></span> <span class='ocrx_word' id='word_1_126' title='bbox 650 1059 842 1117; x_wconf 85' lang='lat' dir='ltr'><strong>binisque</strong></span> <span class='ocrx_word' id='word_1_127' title='bbox 862 1062 1030 1102; x_wconf 89' lang='lat' dir='ltr'><strong>tantum</strong></span> <span class='ocrx_word' id='word_1_128' title='bbox 1051 1059 1314 1104; x_wconf 85' lang='lat' dir='ltr'><strong>centunculis</strong></span> <span class='ocrx_word' id='word_1_129' title='bbox 1330 1059 1487 1105; x_wconf 88' lang='lat' dir='ltr'><strong>relictis</strong></span> 
     </span>
     <span class='ocr_line' id='line_1_17' title="bbox 170 1123 1486 1182; baseline 0.002 -15"><span class='ocrx_word' id='word_1_130' title='bbox 170 1137 373 1181; x_wconf 84' lang='lat' dir='ltr'><strong>agasones</strong></span> <span class='ocrx_word' id='word_1_131' title='bbox 394 1124 549 1181; x_wconf 85' lang='lat' dir='ltr'><strong>partim</strong></span> <span class='ocrx_word' id='word_1_132' title='bbox 570 1124 747 1182; x_wconf 87' lang='lat' dir='ltr'><strong>captivis</strong></span> <span class='ocrx_word' id='word_1_133' title='bbox 769 1123 923 1179; x_wconf 85' lang='lat' dir='ltr'><strong>partim</strong></span> <span class='ocrx_word' id='word_1_134' title='bbox 939 1138 1146 1182; x_wconf 82' lang='lat' dir='ltr'><strong>aegrorum</strong></span> <span class='ocrx_word' id='word_1_135' title='bbox 1167 1124 1293 1168; x_wconf 90' lang='lat' dir='ltr'><strong>armis</strong></span> <span class='ocrx_word' id='word_1_136' title='bbox 1315 1130 1486 1169; x_wconf 92' lang='lat' dir='ltr'><strong>ornatos</strong></span> 
     </span>
     <span class='ocr_line' id='line_1_18' title="bbox 129 1186 1487 1247; baseline 0.001 -16"><span class='ocrx_word' id='word_1_137' title='bbox 129 1194 153 1231; x_wconf 88' lang='lat'>8</span> <span class='ocrx_word' id='word_1_138' title='bbox 169 1186 361 1245; x_wconf 85' lang='lat' dir='ltr'><strong>imponit.</strong></span> <span class='ocrx_word' id='word_1_139' title='bbox 423 1188 506 1232; x_wconf 92' lang='lat' dir='ltr'><strong>His</strong></span> <span class='ocrx_word' id='word_1_140' title='bbox 527 1188 616 1232; x_wconf 89' lang='lat' dir='ltr'><strong>fere</strong></span> <span class='ocrx_word' id='word_1_141' title='bbox 637 1188 749 1232; x_wconf 90' lang='lat' dir='ltr'><strong>mille</strong></span> <span class='ocrx_word' id='word_1_142' title='bbox 771 1187 930 1232; x_wconf 88' lang='lat' dir='ltr'><strong>effectis</strong></span> <span class='ocrx_word' id='word_1_143' title='bbox 953 1192 1122 1232; x_wconf 91' lang='lat' dir='ltr'><strong>centum</strong></span> <span class='ocrx_word' id='word_1_144' title='bbox 1151 1187 1352 1234; x_wconf 86' lang='lat' dir='ltr'><strong>admiscet</strong></span> <span class='ocrx_word' id='word_1_145' title='bbox 1374 1189 1487 1247; x_wconf 91' lang='lat' dir='ltr'><strong>equi-</strong></span> 
     </span>
     <span class='ocr_line' id='line_1_19' title="bbox 168 1252 1487 1311; baseline 0.002 -15"><span class='ocrx_word' id='word_1_146' title='bbox 168 1257 248 1308; x_wconf 89' lang='lat' dir='ltr'><strong>tes,</strong></span> <span class='ocrx_word' id='word_1_147' title='bbox 270 1256 313 1297; x_wconf 91' lang='lat' dir='ltr'><strong>et</strong></span> <span class='ocrx_word' id='word_1_148' title='bbox 344 1256 470 1297; x_wconf 92' lang='lat' dir='ltr'><strong>nocte</strong></span> <span class='ocrx_word' id='word_1_149' title='bbox 501 1268 628 1311; x_wconf 85' lang='lat' dir='ltr'><strong>super</strong></span> <span class='ocrx_word' id='word_1_150' title='bbox 655 1258 795 1298; x_wconf 81' lang='lat' dir='ltr'><strong>castra</strong></span> <span class='ocrx_word' id='word_1_151' title='bbox 821 1254 866 1297; x_wconf 90' lang='lat' dir='ltr'><strong>in</strong></span> <span class='ocrx_word' id='word_1_152' title='bbox 892 1256 1056 1297; x_wconf 90' lang='lat' dir='ltr'><strong>montes</strong></span> <span class='ocrx_word' id='word_1_153' title='bbox 1085 1252 1261 1297; x_wconf 89' lang='lat' dir='ltr'><strong>evadere</strong></span> <span class='ocrx_word' id='word_1_154' title='bbox 1291 1269 1340 1298; x_wconf 89' lang='lat' dir='ltr'><strong>ac</strong></span> <span class='ocrx_word' id='word_1_155' title='bbox 1371 1254 1487 1298; x_wconf 79' lang='lat' dir='ltr'><strong>silvis</strong></span> 
     </span>
    </p>
   </div>
   <div class='ocr_carea' id='block_1_3' title="bbox 171 1317 1627 1379">
    <p class='ocr_par' dir='ltr' id='par_1_3' title="bbox 171 1317 1627 1379">
     <span class='ocr_line' id='line_1_20' title="bbox 171 1317 1627 1379; baseline 0.002 -19"><span class='ocrx_word' id='word_1_156' title='bbox 171 1332 216 1361; x_wconf 91' lang='lat' dir='ltr'><strong>se</strong></span> <span class='ocrx_word' id='word_1_157' title='bbox 236 1317 448 1362; x_wconf 87' lang='lat' dir='ltr'><strong>occultare</strong></span> <span class='ocrx_word' id='word_1_158' title='bbox 465 1317 588 1375; x_wconf 89' lang='lat' dir='ltr'><strong>jubet</strong></span> <span class='ocrx_word' id='word_1_159' title='bbox 609 1333 745 1376; x_wconf 90' lang='lat' dir='ltr'><strong>neque</strong></span> <span class='ocrx_word' id='word_1_160' title='bbox 765 1317 863 1362; x_wconf 87' lang='lat' dir='ltr'><strong>inde</strong></span> <span class='ocrx_word' id='word_1_161' title='bbox 888 1321 986 1362; x_wconf 88' lang='lat' dir='ltr'><strong>ante</strong></span> <span class='ocrx_word' id='word_1_162' title='bbox 1012 1332 1180 1362; x_wconf 88' lang='lat' dir='ltr'><strong>movere</strong></span> <span class='ocrx_word' id='word_1_163' title='bbox 1209 1333 1334 1375; x_wconf 89' lang='lat' dir='ltr'><strong>quam</strong></span> <span class='ocrx_word' id='word_1_164' title='bbox 1362 1318 1413 1362; x_wconf 90' lang='lat' dir='ltr'><strong>ab</strong></span> <span class='ocrx_word' id='word_1_165' title='bbox 1442 1334 1488 1363; x_wconf 91' lang='lat' dir='ltr'><strong>se</strong></span> <span class='ocrx_word' id='word_1_166' title='bbox 1552 1356 1627 1379; x_wconf 43' lang='grc' dir='ltr'>ζ</span> 
     </span>
    </p>
   </div>
   <div class='ocr_carea' id='block_1_4' title="bbox 54 1381 1489 2284">
    <p class='ocr_par' dir='ltr' id='par_1_4' title="bbox 54 1381 1489 2284">
     <span class='ocr_line' id='line_1_21' title="bbox 127 1381 1488 1441; baseline 0.002 -17"><span class='ocrx_word' id='word_1_167' title='bbox 127 1384 152 1423; x_wconf 89' lang='grc'><strong>9</strong></span> <span class='ocrx_word' id='word_1_168' title='bbox 170 1383 406 1440; x_wconf 88' lang='lat' dir='ltr'><strong>acceperint</strong></span> <span class='ocrx_word' id='word_1_169' title='bbox 428 1383 608 1441; x_wconf 89' lang='lat' dir='ltr'><strong>signum.</strong></span> <span class='ocrx_word' id='word_1_170' title='bbox 672 1385 782 1440; x_wconf 91' lang='lat' dir='ltr'><strong>Ipse,</strong></span> <span class='ocrx_word' id='word_1_171' title='bbox 806 1381 879 1426; x_wconf 90' lang='lat' dir='ltr'><strong>ubi</strong></span> <span class='ocrx_word' id='word_1_172' title='bbox 900 1381 1052 1434; x_wconf 76' lang='lat' dir='ltr'><strong>illuxit,</strong></span> <span class='ocrx_word' id='word_1_173' title='bbox 1073 1382 1118 1425; x_wconf 89' lang='lat' dir='ltr'><strong>in</strong></span> <span class='ocrx_word' id='word_1_174' title='bbox 1138 1381 1347 1427; x_wconf 85' lang='lat' dir='ltr'><strong>radicibus</strong></span> <span class='ocrx_word' id='word_1_175' title='bbox 1374 1398 1488 1427; x_wconf 88' lang='lat' dir='ltr'><strong>mon·</strong></span> 
     </span>
     <span class='ocr_line' id='line_1_22' title="bbox 168 1446 1486 1505; baseline 0.001 -14"><span class='ocrx_word' id='word_1_176' title='bbox 168 1447 276 1491; x_wconf 91' lang='lat' dir='ltr'><strong>tium</strong></span> <span class='ocrx_word' id='word_1_177' title='bbox 298 1446 524 1492; x_wconf 82' lang='lat' dir='ltr'><strong>extendere</strong></span> <span class='ocrx_word' id='word_1_178' title='bbox 546 1447 676 1492; x_wconf 86' lang='lat' dir='ltr'><strong>aciem</strong></span> <span class='ocrx_word' id='word_1_179' title='bbox 698 1447 824 1505; x_wconf 88' lang='lat' dir='ltr'><strong>coepit</strong></span> <span class='ocrx_word' id='word_1_180' title='bbox 846 1446 1005 1500; x_wconf 89' lang='lat' dir='ltr'><strong>sedulo,</strong></span> <span class='ocrx_word' id='word_1_181' title='bbox 1028 1452 1078 1490; x_wconf 91' lang='lat' dir='ltr'><strong>ut</strong></span> <span class='ocrx_word' id='word_1_182' title='bbox 1099 1446 1301 1491; x_wconf 85' lang='lat' dir='ltr'><strong>adversus</strong></span> <span class='ocrx_word' id='word_1_183' title='bbox 1321 1452 1486 1492; x_wconf 89' lang='lat' dir='ltr'><strong>montes</strong></span> 
     </span>
     <span class='ocr_line' id='line_1_23' title="bbox 102 1511 1489 1570; baseline 0 -15"><span class='ocrx_word' id='word_1_184' title='bbox 102 1516 151 1554; x_wconf 92' lang='grc'><strong>10</strong></span> <span class='ocrx_word' id='word_1_185' title='bbox 168 1511 418 1556; x_wconf 90' lang='lat' dir='ltr'><strong>consisteret</strong></span> <span class='ocrx_word' id='word_1_186' title='bbox 439 1511 587 1556; x_wconf 90' lang='lat' dir='ltr'><strong>hostis.</strong></span> <span class='ocrx_word' id='word_1_187' title='bbox 649 1512 869 1556; x_wconf 87' lang='lat' dir='ltr'><strong>Instructo</strong></span> <span class='ocrx_word' id='word_1_188' title='bbox 898 1511 995 1556; x_wconf 86' lang='lat' dir='ltr'><strong>vani</strong></span> <span class='ocrx_word' id='word_1_189' title='bbox 1024 1511 1198 1556; x_wconf 90' lang='lat' dir='ltr'><strong>terroris</strong></span> <span class='ocrx_word' id='word_1_190' title='bbox 1225 1516 1489 1570; x_wconf 88' lang='lat' dir='ltr'><strong>apparatu—</strong></span> 
     </span>
     <span class='ocr_line' id='line_1_24' title="bbox 167 1575 1489 1634; baseline 0.001 -14"><span class='ocrx_word' id='word_1_191' title='bbox 167 1576 239 1634; x_wconf 91' lang='lat' dir='ltr'><strong>qui</strong></span> <span class='ocrx_word' id='word_1_192' title='bbox 270 1576 437 1634; x_wconf 90' lang='lat' dir='ltr'><strong>quidem</strong></span> <span class='ocrx_word' id='word_1_193' title='bbox 468 1580 606 1621; x_wconf 91' lang='lat' dir='ltr'><strong>terror</strong></span> <span class='ocrx_word' id='word_1_194' title='bbox 641 1576 735 1634; x_wconf 91' lang='lat' dir='ltr'><strong>plus</strong></span> <span class='ocrx_word' id='word_1_195' title='bbox 771 1592 888 1634; x_wconf 89' lang='lat' dir='ltr'><strong>paene</strong></span> <span class='ocrx_word' id='word_1_196' title='bbox 925 1576 1036 1621; x_wconf 86' lang='lat' dir='ltr'><strong>veris</strong></span> <span class='ocrx_word' id='word_1_197' title='bbox 1073 1575 1233 1620; x_wconf 86' lang='lat' dir='ltr'><strong>viribus</strong></span> <span class='ocrx_word' id='word_1_198' title='bbox 1269 1576 1489 1634; x_wconf 89' lang='lat' dir='ltr'><strong>profuit—-</strong></span> 
     </span>
     <span class='ocr_line' id='line_1_25' title="bbox 164 1640 1486 1699; baseline 0.001 -15"><span class='ocrx_word' id='word_1_199' title='bbox 164 1640 299 1699; x_wconf 90' lang='lat' dir='ltr'><strong>primo</strong></span> <span class='ocrx_word' id='word_1_200' title='bbox 340 1641 510 1686; x_wconf 88' lang='lat' dir='ltr'><strong>credere</strong></span> <span class='ocrx_word' id='word_1_201' title='bbox 551 1641 679 1686; x_wconf 89' lang='lat' dir='ltr'><strong>duces</strong></span> <span class='ocrx_word' id='word_1_202' title='bbox 726 1641 942 1685; x_wconf 85' lang='lat' dir='ltr'><strong>Gallorum</strong></span> <span class='ocrx_word' id='word_1_203' title='bbox 989 1656 1075 1685; x_wconf 95' lang='lat' dir='ltr'><strong>non</strong></span> <span class='ocrx_word' id='word_1_204' title='bbox 1124 1641 1400 1686; x_wconf 89' lang='lat' dir='ltr'><strong>descensuros</strong></span> <span class='ocrx_word' id='word_1_205' title='bbox 1441 1642 1486 1686; x_wconf 91' lang='lat' dir='ltr'><strong>in</strong></span> 
     </span>
     <span class='ocr_line' id='line_1_26' title="bbox 165 1705 1487 1764; baseline 0 -14"><span class='ocrx_word' id='word_1_206' title='bbox 165 1721 330 1763; x_wconf 89' lang='lat' dir='ltr'><strong>aequum</strong></span> <span class='ocrx_word' id='word_1_207' title='bbox 363 1706 590 1759; x_wconf 88' lang='lat' dir='ltr'><strong>Romanos,</strong></span> <span class='ocrx_word' id='word_1_208' title='bbox 621 1705 785 1759; x_wconf 90' lang='lat' dir='ltr'><strong>deinde,</strong></span> <span class='ocrx_word' id='word_1_209' title='bbox 813 1705 887 1750; x_wconf 90' lang='lat' dir='ltr'><strong>ubi</strong></span> <span class='ocrx_word' id='word_1_210' title='bbox 917 1706 1138 1764; x_wconf 86' lang='lat' dir='ltr'><strong>degressos</strong></span> <span class='ocrx_word' id='word_1_211' title='bbox 1169 1709 1341 1763; x_wconf 91' lang='lat' dir='ltr'><strong>repente</strong></span> <span class='ocrx_word' id='word_1_212' title='bbox 1372 1705 1487 1750; x_wconf 87' lang='lat' dir='ltr'><strong>vide·</strong></span> 
     </span>
     <span class='ocr_line' id='line_1_27' title="bbox 163 1770 1485 1828; baseline 0 -14"><span class='ocrx_word' id='word_1_213' title='bbox 163 1774 277 1826; x_wconf 89' lang='lat' dir='ltr'><strong>runt,</strong></span> <span class='ocrx_word' id='word_1_214' title='bbox 299 1774 343 1815; x_wconf 89' lang='lat' dir='ltr'><strong>et</strong></span> <span class='ocrx_word' id='word_1_215' title='bbox 369 1770 452 1828; x_wconf 89' lang='lat' dir='ltr'><strong>ipsi</strong></span> <span class='ocrx_word' id='word_1_216' title='bbox 479 1770 591 1815; x_wconf 88' lang='lat' dir='ltr'><strong>avidi</strong></span> <span class='ocrx_word' id='word_1_217' title='bbox 618 1770 859 1815; x_wconf 87' lang='lat' dir='ltr'><strong>certaminis</strong></span> <span class='ocrx_word' id='word_1_218' title='bbox 889 1770 934 1814; x_wconf 92' lang='lat' dir='ltr'><strong>in</strong></span> <span class='ocrx_word' id='word_1_219' title='bbox 964 1770 1156 1828; x_wconf 88' lang='lat' dir='ltr'><strong>proelium</strong></span> <span class='ocrx_word' id='word_1_220' title='bbox 1186 1775 1330 1825; x_wconf 88' lang='lat' dir='ltr'><strong>ruunt,</strong></span> <span class='ocrx_word' id='word_1_221' title='bbox 1352 1770 1485 1827; x_wconf 91' lang='lat' dir='ltr'><strong>prius-</strong></span> 
     </span>
     <span class='ocr_line' id='line_1_28' title="bbox 164 1835 1484 1895; baseline 0 -15"><span class='ocrx_word' id='word_1_222' title='bbox 164 1851 245 1891; x_wconf 88' lang='lat' dir='ltr'><strong>que</strong></span> <span class='ocrx_word' id='word_1_223' title='bbox 286 1852 429 1895; x_wconf 90' lang='lat' dir='ltr'><strong>pugna</strong></span> <span class='ocrx_word' id='word_1_224' title='bbox 469 1836 595 1894; x_wconf 90' lang='lat' dir='ltr'><strong>coepit</strong></span> <span class='ocrx_word' id='word_1_225' title='bbox 632 1852 756 1893; x_wconf 88' lang='lat' dir='ltr'><strong>quam</strong></span> <span class='ocrx_word' id='word_1_226' title='bbox 793 1836 960 1893; x_wconf 88' lang='lat' dir='ltr'><strong>signum</strong></span> <span class='ocrx_word' id='word_1_227' title='bbox 997 1836 1048 1881; x_wconf 91' lang='lat' dir='ltr'><strong>ab</strong></span> <span class='ocrx_word' id='word_1_228' title='bbox 1084 1835 1259 1880; x_wconf 86' lang='lat' dir='ltr'><strong>ducibus</strong></span> <span class='ocrx_word' id='word_1_229' title='bbox 1300 1835 1484 1880; x_wconf 90' lang='lat' dir='ltr'><strong>daretur.</strong></span> 
     </span>
     <span class='ocr_line' id='line_1_29' title="bbox 54 1899 1485 1958; baseline 0 -12"><span class='ocrx_word' id='word_1_230' title='bbox 54 1899 150 1952; x_wconf 86' lang='lat'>(15)</span> <span class='ocrx_word' id='word_1_231' title='bbox 165 1899 320 1945; x_wconf 92' lang='lat' dir='ltr'><strong>Acrius</strong></span> <span class='ocrx_word' id='word_1_232' title='bbox 351 1901 540 1945; x_wconf 87' lang='lat' dir='ltr'><strong>invasere</strong></span> <span class='ocrx_word' id='word_1_233' title='bbox 573 1900 682 1945; x_wconf 88' lang='lat' dir='ltr'><strong>Galli</strong></span> <span class='ocrx_word' id='word_1_234' title='bbox 713 1900 909 1945; x_wconf 85' lang='lat' dir='ltr'><strong>dextrum</strong></span> <span class='ocrx_word' id='word_1_235' title='bbox 944 1915 1087 1954; x_wconf 93' lang='lat' dir='ltr'><strong>cornu,</strong></span> <span class='ocrx_word' id='word_1_236' title='bbox 1119 1915 1255 1958; x_wconf 91' lang='lat' dir='ltr'><strong>neque</strong></span> <span class='ocrx_word' id='word_1_237' title='bbox 1285 1901 1485 1946; x_wconf 90' lang='lat' dir='ltr'><strong>sustineri</strong></span> 
     </span>
     <span class='ocr_line' id='line_1_30' title="bbox 165 1964 1484 2022; baseline 0 -14"><span class='ocrx_word' id='word_1_238' title='bbox 165 1964 404 2022; x_wconf 90' lang='lat' dir='ltr'><strong>potuissent</strong></span> <span class='ocrx_word' id='word_1_239' title='bbox 425 1966 469 2010; x_wconf 91' lang='lat' dir='ltr'><strong>ni</strong></span> <span class='ocrx_word' id='word_1_240' title='bbox 489 1965 599 2010; x_wconf 85' lang='lat' dir='ltr'><strong>forte</strong></span> <span class='ocrx_word' id='word_1_241' title='bbox 620 1981 670 2010; x_wconf 92' lang='lat' dir='ltr'><strong>eo</strong></span> <span class='ocrx_word' id='word_1_242' title='bbox 686 1965 777 2010; x_wconf 90' lang='lat' dir='ltr'><strong>loco</strong></span> <span class='ocrx_word' id='word_1_243' title='bbox 799 1964 980 2010; x_wconf 88' lang='lat' dir='ltr'><strong>dictator</strong></span> <span class='ocrx_word' id='word_1_244' title='bbox 999 1964 1164 2016; x_wconf 86' lang='lat' dir='ltr'><strong>fuisset,</strong></span> <span class='ocrx_word' id='word_1_245' title='bbox 1185 1965 1280 2008; x_wconf 86' lang='lat' dir='ltr'><strong>Sex.</strong></span> <span class='ocrx_word' id='word_1_246' title='bbox 1300 1965 1484 2009; x_wconf 87' lang='lat' dir='ltr'><strong>Tullium</strong></span> 
     </span>
     <span class='ocr_line' id='line_1_31' title="bbox 163 2029 1483 2088; baseline 0.001 -15"><span class='ocrx_word' id='word_1_247' title='bbox 163 2029 331 2073; x_wconf 88' lang='lat' dir='ltr'><strong>nomine</strong></span> <span class='ocrx_word' id='word_1_248' title='bbox 347 2029 566 2087; x_wconf 88' lang='lat' dir='ltr'><strong>increpans</strong></span> <span class='ocrx_word' id='word_1_249' title='bbox 582 2030 868 2088; x_wconf 86' lang='lat' dir='ltr'><strong>rogitansque,</strong></span> <span class='ocrx_word' id='word_1_250' title='bbox 882 2029 1034 2074; x_wconf 92' lang='lat' dir='ltr'><strong>siccine</strong></span> <span class='ocrx_word' id='word_1_251' title='bbox 1050 2034 1312 2087; x_wconf 89' lang='lat' dir='ltr'><strong>pugnaturos</strong></span> <span class='ocrx_word' id='word_1_252' title='bbox 1329 2029 1483 2074; x_wconf 83' lang='lat' dir='ltr'><strong>milites</strong></span> 
     </span>
     <span class='ocr_line' id='line_1_32' title="bbox 165 2093 1476 2152; baseline 0 -14"><span class='ocrx_word' id='word_1_253' title='bbox 165 2093 490 2152; x_wconf 85' lang='lat' dir='ltr'><strong>spopondisset?</strong></span> <span class='ocrx_word' id='word_1_254' title='bbox 521 2094 594 2139; x_wconf 89' lang='lat' dir='ltr'><strong>ubi</strong></span> <span class='ocrx_word' id='word_1_255' title='bbox 623 2094 685 2139; x_wconf 92' lang='lat' dir='ltr'><strong>illi</strong></span> <span class='ocrx_word' id='word_1_256' title='bbox 711 2094 912 2139; x_wconf 87' lang='lat' dir='ltr'><strong>clamores</strong></span> <span class='ocrx_word' id='word_1_257' title='bbox 940 2093 1027 2138; x_wconf 89' lang='lat' dir='ltr'><strong>sint</strong></span> <span class='ocrx_word' id='word_1_258' title='bbox 1055 2108 1170 2138; x_wconf 85' lang='lat' dir='ltr'><strong>arma</strong></span> <span class='ocrx_word' id='word_1_259' title='bbox 1199 2094 1476 2151; x_wconf 87' lang='lat' dir='ltr'><strong>poscentium,</strong></span> 
     </span>
     <span class='ocr_line' id='line_1_33' title="bbox 163 2159 1479 2219; baseline 0.002 -15"><span class='ocrx_word' id='word_1_260' title='bbox 163 2159 238 2204; x_wconf 90' lang='lat' dir='ltr'><strong>ubi</strong></span> <span class='ocrx_word' id='word_1_261' title='bbox 276 2159 400 2205; x_wconf 80' lang='lat' dir='ltr'><strong>minae</strong></span> <span class='ocrx_word' id='word_1_262' title='bbox 438 2160 604 2217; x_wconf 88' lang='lat' dir='ltr'><strong>injussu</strong></span> <span class='ocrx_word' id='word_1_263' title='bbox 642 2159 907 2219; x_wconf 88' lang='lat' dir='ltr'><strong>imperatoris</strong></span> <span class='ocrx_word' id='word_1_264' title='bbox 946 2159 1139 2218; x_wconf 89' lang='lat' dir='ltr'><strong>proelium</strong></span> <span class='ocrx_word' id='word_1_265' title='bbox 1177 2159 1390 2205; x_wconf 83' lang='lat' dir='ltr'><strong>inituros?</strong></span> <span class='ocrx_word' id='word_1_266' title='bbox 1424 2175 1479 2206; x_wconf 91' lang='lat' dir='ltr'><strong>en</strong></span> 
     </span>
     <span class='ocr_line' id='line_1_34' title="bbox 163 2223 1478 2284; baseline 0.001 -13"><span class='ocrx_word' id='word_1_267' title='bbox 163 2223 304 2284; x_wconf 85' lang='lat' dir='ltr'><strong>ipsum</strong></span> <span class='ocrx_word' id='word_1_268' title='bbox 321 2223 617 2283; x_wconf 90' lang='lat' dir='ltr'><strong>imperatorem</strong></span> <span class='ocrx_word' id='word_1_269' title='bbox 637 2225 750 2272; x_wconf 87' lang='lat' dir='ltr'><strong>clara</strong></span> <span class='ocrx_word' id='word_1_270' title='bbox 768 2239 872 2272; x_wconf 82' lang='lat' dir='ltr'><strong>voce</strong></span> <span class='ocrx_word' id='word_1_271' title='bbox 889 2238 1041 2272; x_wconf 83' lang='lat' dir='ltr'><strong>vocare</strong></span> <span class='ocrx_word' id='word_1_272' title='bbox 1060 2223 1115 2270; x_wconf 85' lang='lat' dir='ltr'><strong>ad</strong></span> <span class='ocrx_word' id='word_1_273' title='bbox 1133 2223 1327 2283; x_wconf 85' lang='lat' dir='ltr'><strong>proelium</strong></span> <span class='ocrx_word' id='word_1_274' title='bbox 1351 2227 1398 2272; x_wconf 83' lang='lat' dir='ltr'><strong>et</strong></span> <span class='ocrx_word' id='word_1_275' title='bbox 1415 2224 1478 2272; x_wconf 83' lang='lat' dir='ltr'><strong>ire</strong></span> 
     </span>
    </p>
   </div>
   <div class='ocr_carea' id='block_1_5' title="bbox 1637 0 1649 2452">
    <p class='ocr_par' dir='ltr' id='par_1_5' title="bbox 1637 0 1649 2452">
     <span class='ocr_line' id='line_1_35' title="bbox 1637 0 1649 2452; baseline 0 0"><span class='ocrx_word' id='word_1_276' title='bbox 1637 0 1649 2452; x_wconf 95' lang='lat' dir='ltr'><strong> </strong></span> 
     </span>
    </p>
   </div>
  </div>
 </body>
</html>
