<?xml version="1.0" encoding="UTF-8"?>
<!DOCTYPE html PUBLIC "-//W3C//DTD XHTML 1.0 Transitional//EN"
    "http://www.w3.org/TR/xhtml1/DTD/xhtml1-transitional.dtd">
<html xmlns="http://www.w3.org/1999/xhtml" xml:lang="en" lang="en">
 <head>
  <title>
</title>
<meta http-equiv="Content-Type" content="text/html;charset=utf-8" />
  <meta name='ocr-system' content='tesseract 3.04.00' />
  <meta name='ocr-capabilities' content='ocr_page ocr_carea ocr_par ocr_line ocrx_word'/>
</head>
<body>
  <div class='ocr_page' id='page_1' title='image "./historiarum00livyuoft_0281.png"; bbox 0 0 1649 2452; ppageno 0'>
   <div class='ocr_carea' id='block_1_1' title="bbox 123 96 1444 194">
    <p class='ocr_par' dir='ltr' id='par_1_1' title="bbox 123 96 1444 194">
     <span class='ocr_line' id='line_1_1' title="bbox 596 96 1444 141; baseline 0 -1"><span class='ocrx_word' id='word_1_1' title='bbox 596 96 707 140; x_wconf 78' lang='lat' dir='ltr'>Lm.</span> <span class='ocrx_word' id='word_1_2' title='bbox 739 98 790 141; x_wconf 81' lang='lat' dir='ltr'>X.</span> <span class='ocrx_word' id='word_1_3' title='bbox 822 102 993 141; x_wconf 74' lang='lat'>24—26.</span> <span class='ocrx_word' id='word_1_4' title='bbox 1371 98 1444 140; x_wconf 81' lang='lat'>631</span> 
     </span>
     <span class='ocr_line' id='line_1_2' title="bbox 123 149 329 194; baseline 0.005 -9"><span class='ocrx_word' id='word_1_5' title='bbox 123 160 165 186; x_wconf 82' lang='grc' dir='ltr'>Α.</span> <span class='ocrx_word' id='word_1_6' title='bbox 183 149 222 186; x_wconf 79' lang='lat' dir='ltr'>c.</span> <span class='ocrx_word' id='word_1_7' title='bbox 239 150 329 194; x_wconf 52' lang='lat'>2⁹⁵4</span> 
     </span>
    </p>
   </div>
   <div class='ocr_carea' id='block_1_2' title="bbox 120 193 1573 2331">
    <p class='ocr_par' dir='ltr' id='par_1_2' title="bbox 120 193 1573 2331">
     <span class='ocr_line' id='line_1_3' title="bbox 121 193 1450 253; baseline -0.001 -14"><span class='ocrx_word' id='word_1_8' title='bbox 121 211 171 240; x_wconf 81' lang='lat' dir='ltr'>ac</span> <span class='ocrx_word' id='word_1_9' title='bbox 185 195 457 240; x_wconf 77' lang='lat' dir='ltr'>salubriorem</span> <span class='ocrx_word' id='word_1_10' title='bbox 470 208 576 240; x_wconf 86' lang='lat' dir='ltr'>esse.</span> <span class='ocrx_word' id='word_1_11' title='bbox 638 194 817 241; x_wconf 84' lang='lat' dir='ltr'>Fiebant</span> <span class='ocrx_word' id='word_1_12' title='bbox 839 199 980 242; x_wconf 85' lang='lat' dir='ltr'>autem</span> <span class='ocrx_word' id='word_1_13' title='bbox 1001 195 1165 246; x_wconf 86' lang='lat' dir='ltr'>itinera,</span> <span class='ocrx_word' id='word_1_14' title='bbox 1182 197 1339 253; x_wconf 86' lang='lat' dir='ltr'>quanta</span> <span class='ocrx_word' id='word_1_15' title='bbox 1358 193 1450 239; x_wconf 87' lang='lat' dir='ltr'>ficri</span> 
     </span>
     <span class='ocr_line' id='line_1_4' title="bbox 123 259 1487 319; baseline -0.001 -15"><span class='ocrx_word' id='word_1_16' title='bbox 123 259 288 305; x_wconf 85' lang='lat' dir='ltr'>sinebat</span> <span class='ocrx_word' id='word_1_17' title='bbox 308 259 442 319; x_wconf 89' lang='lat' dir='ltr'>hiems</span> <span class='ocrx_word' id='word_1_18' title='bbox 463 259 678 305; x_wconf 87' lang='lat' dir='ltr'><strong>hauddum</strong></span> <span class='ocrx_word' id='word_1_19' title='bbox 695 265 856 306; x_wconf 83' lang='lat' dir='ltr'>exacta.</span> <span class='ocrx_word' id='word_1_20' title='bbox 907 261 1021 305; x_wconf 85' lang='lat' dir='ltr'>Vere</span> <span class='ocrx_word' id='word_1_21' title='bbox 1038 259 1136 304; x_wconf 88' lang='lat' dir='ltr'>inde</span> <span class='ocrx_word' id='word_1_22' title='bbox 1152 261 1286 317; x_wconf 90' lang='lat' dir='ltr'>primo</span> <span class='ocrx_word' id='word_1_23' title='bbox 1303 259 1449 304; x_wconf 80' lang='lat' dir='ltr'>relicta</span> <span class='ocrx_word' id='word_1_24' title='bbox 1467 263 1487 297; x_wconf 62' lang='grc' dir='ltr'>’ἲ</span> 
     </span>
     <span class='ocr_line' id='line_1_5' title="bbox 121 324 1449 385; baseline -0.002 -16"><span class='ocrx_word' id='word_1_25' title='bbox 121 324 306 370; x_wconf 80' lang='lat' dir='ltr'>secunda</span> <span class='ocrx_word' id='word_1_26' title='bbox 345 324 510 383; x_wconf 81' lang='lat' dir='ltr'>legione</span> <span class='ocrx_word' id='word_1_27' title='bbox 551 325 604 370; x_wconf 87' lang='lat' dir='ltr'>ad</span> <span class='ocrx_word' id='word_1_28' title='bbox 640 325 845 380; x_wconf 85' lang='lat' dir='ltr'>Clusium,</span> <span class='ocrx_word' id='word_1_29' title='bbox 883 325 996 385; x_wconf 92' lang='lat' dir='ltr'>quod</span> <span class='ocrx_word' id='word_1_30' title='bbox 1036 325 1209 369; x_wconf 88' lang='lat' dir='ltr'>Camars</span> <span class='ocrx_word' id='word_1_31' title='bbox 1244 324 1342 368; x_wconf 88' lang='lat' dir='ltr'>olim</span> <span class='ocrx_word' id='word_1_32' title='bbox 1378 339 1449 382; x_wconf 77' lang='lat' dir='ltr'>ap⁴</span> 
     </span>
     <span class='ocr_line' id='line_1_6' title="bbox 121 389 1448 449; baseline -0.001 -16"><span class='ocrx_word' id='word_1_33' title='bbox 121 389 346 447; x_wconf 83' lang='lat' dir='ltr'>pellabant,</span> <span class='ocrx_word' id='word_1_34' title='bbox 369 390 678 449; x_wconf 84' lang='lat' dir='ltr'>praepositoque</span> <span class='ocrx_word' id='word_1_35' title='bbox 700 391 850 436; x_wconf 87' lang='lat' dir='ltr'>castris</span> <span class='ocrx_word' id='word_1_36' title='bbox 871 391 923 435; x_wconf 75' lang='lat' dir='ltr'>L,</span> <span class='ocrx_word' id='word_1_37' title='bbox 942 390 1137 448; x_wconf 83' lang='lat' dir='ltr'>Scipione</span> <span class='ocrx_word' id='word_1_38' title='bbox 1159 403 1234 447; x_wconf 91' lang='lat' dir='ltr'>pro</span> <span class='ocrx_word' id='word_1_39' title='bbox 1256 392 1448 446; x_wconf 84' lang='lat' dir='ltr'>praetore,</span> 
     </span>
     <span class='ocr_line' id='line_1_7' title="bbox 123 453 1448 513; baseline -0.002 -15"><span class='ocrx_word' id='word_1_40' title='bbox 123 454 304 499; x_wconf 76' lang='lat' dir='ltr'>Romam</span> <span class='ocrx_word' id='word_1_41' title='bbox 325 455 416 513; x_wconf 89' lang='lat' dir='ltr'>ipse</span> <span class='ocrx_word' id='word_1_42' title='bbox 438 454 491 499; x_wconf 85' lang='lat' dir='ltr'>ad</span> <span class='ocrx_word' id='word_1_43' title='bbox 516 455 840 500; x_wconf 88' lang='lat' dir='ltr'>consultandum</span> <span class='ocrx_word' id='word_1_44' title='bbox 863 455 914 500; x_wconf 89' lang='lat' dir='ltr'>de</span> <span class='ocrx_word' id='word_1_45' title='bbox 938 455 1044 500; x_wconf 90' lang='lat' dir='ltr'>bello</span> <span class='ocrx_word' id='word_1_46' title='bbox 1065 453 1337 499; x_wconf 84' lang='lat' dir='ltr'>rediit—-sive</span> <span class='ocrx_word' id='word_1_47' title='bbox 1357 453 1448 511; x_wconf 88' lang='lat' dir='ltr'>ipse</span> 
     </span>
     <span class='ocr_line' id='line_1_8' title="bbox 120 520 1446 578; baseline -0.002 -14"><span class='ocrx_word' id='word_1_48' title='bbox 120 523 272 577; x_wconf 88' lang='lat' dir='ltr'>sponte</span> <span class='ocrx_word' id='word_1_49' title='bbox 306 534 396 574; x_wconf 84' lang='lat' dir='ltr'>sua,</span> <span class='ocrx_word' id='word_1_50' title='bbox 433 520 531 578; x_wconf 91' lang='lat' dir='ltr'>quia</span> <span class='ocrx_word' id='word_1_51' title='bbox 569 520 724 565; x_wconf 88' lang='lat' dir='ltr'>bellum</span> <span class='ocrx_word' id='word_1_52' title='bbox 759 521 799 565; x_wconf 90' lang='lat' dir='ltr'>ei</span> <span class='ocrx_word' id='word_1_53' title='bbox 833 523 971 577; x_wconf 87' lang='lat' dir='ltr'>majus</span> <span class='ocrx_word' id='word_1_54' title='bbox 1006 520 1052 564; x_wconf 91' lang='lat' dir='ltr'>in</span> <span class='ocrx_word' id='word_1_55' title='bbox 1087 522 1316 576; x_wconf 83' lang='lat' dir='ltr'>conspectu</span> <span class='ocrx_word' id='word_1_56' title='bbox 1355 521 1446 562; x_wconf 88' lang='lat' dir='ltr'>erat</span> 
     </span>
     <span class='ocr_line' id='line_1_9' title="bbox 121 584 1447 643; baseline -0.002 -15"><span class='ocrx_word' id='word_1_57' title='bbox 121 598 248 642; x_wconf 92' lang='lat' dir='ltr'>quam</span> <span class='ocrx_word' id='word_1_58' title='bbox 276 587 481 643; x_wconf 88' lang='lat' dir='ltr'>quantum</span> <span class='ocrx_word' id='word_1_59' title='bbox 511 600 603 630; x_wconf 87' lang='lat' dir='ltr'>esse</span> <span class='ocrx_word' id='word_1_60' title='bbox 632 585 753 630; x_wconf 86' lang='lat' dir='ltr'>samae</span> <span class='ocrx_word' id='word_1_61' title='bbox 774 584 1021 638; x_wconf 79' lang='lat' dir='ltr'>crediderat,</span> <span class='ocrx_word' id='word_1_62' title='bbox 1045 584 1133 628; x_wconf 83' lang='lat' dir='ltr'>sive</span> <span class='ocrx_word' id='word_1_63' title='bbox 1154 586 1326 628; x_wconf 85' lang='lat' dir='ltr'>senatus</span> <span class='ocrx_word' id='word_1_64' title='bbox 1351 597 1447 627; x_wconf 87' lang='lat' dir='ltr'>con·</span> 
     </span>
     <span class='ocr_line' id='line_1_10' title="bbox 121 647 1487 708; baseline -0.001 -16"><span class='ocrx_word' id='word_1_65' title='bbox 121 648 235 693; x_wconf 79' lang='lat' dir='ltr'>sulto</span> <span class='ocrx_word' id='word_1_66' title='bbox 256 649 430 700; x_wconf 86' lang='lat' dir='ltr'>accitus,</span> <span class='ocrx_word' id='word_1_67' title='bbox 451 664 546 693; x_wconf 89' lang='lat' dir='ltr'>nam</span> <span class='ocrx_word' id='word_1_68' title='bbox 570 650 615 694; x_wconf 91' lang='lat' dir='ltr'>in</span> <span class='ocrx_word' id='word_1_69' title='bbox 635 654 863 708; x_wconf 90' lang='lat' dir='ltr'>utrumque</span> <span class='ocrx_word' id='word_1_70' title='bbox 885 654 1079 694; x_wconf 82' lang='lat' dir='ltr'>auctores</span> <span class='ocrx_word' id='word_1_71' title='bbox 1100 652 1212 692; x_wconf 87' lang='lat' dir='ltr'>sunt.</span> <span class='ocrx_word' id='word_1_72' title='bbox 1272 647 1340 692; x_wconf 90' lang='lat' dir='ltr'>Ab</span> <span class='ocrx_word' id='word_1_73' title='bbox 1365 649 1446 705; x_wconf 86' lang='lat' dir='ltr'>Ap.</span> <span class='ocrx_word' id='word_1_74' title='bbox 1464 653 1487 689; x_wconf 82' lang='grc'><strong>9</strong></span> 
     </span>
     <span class='ocr_line' id='line_1_11' title="bbox 122 712 1446 772; baseline -0.002 -14"><span class='ocrx_word' id='word_1_75' title='bbox 122 712 299 758; x_wconf 88' lang='lat' dir='ltr'>Claudio</span> <span class='ocrx_word' id='word_1_76' title='bbox 320 718 500 772; x_wconf 78' lang='lat' dir='ltr'>praetore</span> <span class='ocrx_word' id='word_1_77' title='bbox 522 718 751 759; x_wconf 88' lang='lat' dir='ltr'>retractum</span> <span class='ocrx_word' id='word_1_78' title='bbox 782 713 950 772; x_wconf 82' lang='lat' dir='ltr'>quidam</span> <span class='ocrx_word' id='word_1_79' title='bbox 971 713 1105 758; x_wconf 83' lang='lat' dir='ltr'>videri</span> <span class='ocrx_word' id='word_1_80' title='bbox 1132 713 1293 764; x_wconf 87' lang='lat' dir='ltr'>volunt,</span> <span class='ocrx_word' id='word_1_81' title='bbox 1316 727 1446 770; x_wconf 90' lang='lat' dir='ltr'>quum</span> 
     </span>
     <span class='ocr_line' id='line_1_12' title="bbox 121 776 1446 836; baseline -0.002 -14"><span class='ocrx_word' id='word_1_82' title='bbox 121 777 165 822; x_wconf 91' lang='lat' dir='ltr'>in</span> <span class='ocrx_word' id='word_1_83' title='bbox 186 782 337 823; x_wconf 83' lang='lat' dir='ltr'>senatu</span> <span class='ocrx_word' id='word_1_84' title='bbox 356 783 400 823; x_wconf 89' lang='lat' dir='ltr'>et</span> <span class='ocrx_word' id='word_1_85' title='bbox 422 777 532 836; x_wconf 85' lang='lat' dir='ltr'>apud</span> <span class='ocrx_word' id='word_1_86' title='bbox 555 778 768 836; x_wconf 89' lang='lat' dir='ltr'>populum,</span> <span class='ocrx_word' id='word_1_87' title='bbox 791 778 832 822; x_wconf 90' lang='lat' dir='ltr'>id</span> <span class='ocrx_word' id='word_1_88' title='bbox 856 778 968 836; x_wconf 88' lang='lat' dir='ltr'>quod</span> <span class='ocrx_word' id='word_1_89' title='bbox 990 793 1064 834; x_wconf 91' lang='lat' dir='ltr'>per</span> <span class='ocrx_word' id='word_1_90' title='bbox 1089 777 1252 822; x_wconf 82' lang='lat' dir='ltr'>litteras</span> <span class='ocrx_word' id='word_1_91' title='bbox 1273 776 1446 821; x_wconf 86' lang='lat' dir='ltr'>adsidue</span> 
     </span>
     <span class='ocr_line' id='line_1_13' title="bbox 122 842 1445 901; baseline -0.001 -15"><span class='ocrx_word' id='word_1_92' title='bbox 122 843 293 896; x_wconf 79' lang='lat' dir='ltr'>fecerat,</span> <span class='ocrx_word' id='word_1_93' title='bbox 316 847 517 887; x_wconf 86' lang='lat' dir='ltr'>terrorem</span> <span class='ocrx_word' id='word_1_94' title='bbox 536 842 632 888; x_wconf 89' lang='lat' dir='ltr'>belli</span> <span class='ocrx_word' id='word_1_95' title='bbox 653 843 826 887; x_wconf 84' lang='lat' dir='ltr'>Etrusci</span> <span class='ocrx_word' id='word_1_96' title='bbox 842 847 1037 901; x_wconf 79' lang='lat' dir='ltr'>augeret:</span> <span class='ocrx_word' id='word_1_97' title='bbox 1070 857 1154 886; x_wconf 90' lang='lat' dir='ltr'>non</span> <span class='ocrx_word' id='word_1_98' title='bbox 1170 842 1445 886; x_wconf 85' lang='lat' dir='ltr'>suffecturum</span> 
     </span>
     <span class='ocr_line' id='line_1_14' title="bbox 123 906 1446 965; baseline -0.002 -13"><span class='ocrx_word' id='word_1_99' title='bbox 123 906 273 952; x_wconf 90' lang='lat' dir='ltr'>ducem</span> <span class='ocrx_word' id='word_1_100' title='bbox 308 923 439 952; x_wconf 89' lang='lat' dir='ltr'>unum</span> <span class='ocrx_word' id='word_1_101' title='bbox 471 923 548 952; x_wconf 87' lang='lat' dir='ltr'>nec</span> <span class='ocrx_word' id='word_1_102' title='bbox 579 909 811 953; x_wconf 80' lang='lat' dir='ltr'>exercitum</span> <span class='ocrx_word' id='word_1_103' title='bbox 843 924 975 952; x_wconf 88' lang='lat' dir='ltr'>unum</span> <span class='ocrx_word' id='word_1_104' title='bbox 1012 907 1213 952; x_wconf 88' lang='lat' dir='ltr'>adversus</span> <span class='ocrx_word' id='word_1_105' title='bbox 1245 912 1446 965; x_wconf 88' lang='lat' dir='ltr'>quattuor</span> 
     </span>
     <span class='ocr_line' id='line_1_15' title="bbox 123 971 1446 1030; baseline -0.001 -14"><span class='ocrx_word' id='word_1_106' title='bbox 123 971 326 1030; x_wconf 83' lang='lat' dir='ltr'>populos:</span> <span class='ocrx_word' id='word_1_107' title='bbox 372 972 603 1030; x_wconf 86' lang='lat' dir='ltr'>periculum</span> <span class='ocrx_word' id='word_1_108' title='bbox 646 988 750 1026; x_wconf 87' lang='lat' dir='ltr'>esse,</span> <span class='ocrx_word' id='word_1_109' title='bbox 789 972 877 1017; x_wconf 83' lang='lat' dir='ltr'>sive</span> <span class='ocrx_word' id='word_1_110' title='bbox 907 973 1048 1029; x_wconf 87' lang='lat' dir='ltr'>juncti</span> <span class='ocrx_word' id='word_1_111' title='bbox 1087 988 1216 1016; x_wconf 93' lang='lat' dir='ltr'>unum</span> <span class='ocrx_word' id='word_1_112' title='bbox 1254 976 1446 1029; x_wconf 82' lang='lat' dir='ltr'>premant</span> 
     </span>
     <span class='ocr_line' id='line_1_16' title="bbox 122 1035 1445 1095; baseline -0.001 -14"><span class='ocrx_word' id='word_1_113' title='bbox 122 1037 212 1081; x_wconf 77' lang='lat' dir='ltr'>sive</span> <span class='ocrx_word' id='word_1_114' title='bbox 247 1037 402 1082; x_wconf 82' lang='lat' dir='ltr'>diversi</span> <span class='ocrx_word' id='word_1_115' title='bbox 436 1042 586 1095; x_wconf 83' lang='lat' dir='ltr'>gerant</span> <span class='ocrx_word' id='word_1_116' title='bbox 621 1036 789 1091; x_wconf 90' lang='lat' dir='ltr'>bellum,</span> <span class='ocrx_word' id='word_1_117' title='bbox 827 1052 881 1081; x_wconf 89' lang='lat' dir='ltr'>ne</span> <span class='ocrx_word' id='word_1_118' title='bbox 914 1038 966 1081; x_wconf 88' lang='lat' dir='ltr'>ad</span> <span class='ocrx_word' id='word_1_119' title='bbox 998 1037 1137 1081; x_wconf 84' lang='lat' dir='ltr'>omnia</span> <span class='ocrx_word' id='word_1_120' title='bbox 1172 1036 1296 1080; x_wconf 91' lang='lat' dir='ltr'>simul</span> <span class='ocrx_word' id='word_1_121' title='bbox 1330 1035 1445 1080; x_wconf 85' lang='lat' dir='ltr'>obire</span> 
     </span>
     <span class='ocr_line' id='line_1_17' title="bbox 121 1102 1446 1162; baseline -0.001 -15"><span class='ocrx_word' id='word_1_122' title='bbox 121 1117 232 1148; x_wconf 85' lang='lat' dir='ltr'>unus</span> <span class='ocrx_word' id='word_1_123' title='bbox 268 1117 354 1148; x_wconf 91' lang='lat' dir='ltr'>non</span> <span class='ocrx_word' id='word_1_124' title='bbox 388 1103 547 1161; x_wconf 87' lang='lat' dir='ltr'>possit:</span> <span class='ocrx_word' id='word_1_125' title='bbox 581 1102 685 1147; x_wconf 89' lang='lat' dir='ltr'>duas</span> <span class='ocrx_word' id='word_1_126' title='bbox 721 1119 766 1148; x_wconf 89' lang='lat' dir='ltr'>se</span> <span class='ocrx_word' id='word_1_127' title='bbox 798 1103 856 1148; x_wconf 90' lang='lat' dir='ltr'>ibi</span> <span class='ocrx_word' id='word_1_128' title='bbox 891 1102 1077 1162; x_wconf 84' lang='lat' dir='ltr'>legiones</span> <span class='ocrx_word' id='word_1_129' title='bbox 1108 1103 1320 1147; x_wconf 83' lang='lat' dir='ltr'>Romanas</span> <span class='ocrx_word' id='word_1_130' title='bbox 1351 1102 1446 1146; x_wconf 90' lang='lat' dir='ltr'>reli-</span> 
     </span>
     <span class='ocr_line' id='line_1_18' title="bbox 121 1167 1445 1226; baseline -0.001 -15"><span class='ocrx_word' id='word_1_131' title='bbox 121 1167 264 1223; x_wconf 80' lang='lat' dir='ltr'>quisse</span> <span class='ocrx_word' id='word_1_132' title='bbox 303 1174 348 1212; x_wconf 85' lang='lat' dir='ltr'>et</span> <span class='ocrx_word' id='word_1_133' title='bbox 382 1167 522 1211; x_wconf 87' lang='lat' dir='ltr'>minus</span> <span class='ocrx_word' id='word_1_134' title='bbox 559 1168 744 1226; x_wconf 88' lang='lat' dir='ltr'>quinque</span> <span class='ocrx_word' id='word_1_135' title='bbox 779 1167 908 1212; x_wconf 85' lang='lat' dir='ltr'>millia</span> <span class='ocrx_word' id='word_1_136' title='bbox 947 1167 1135 1225; x_wconf 89' lang='lat' dir='ltr'>peditum</span> <span class='ocrx_word' id='word_1_137' title='bbox 1172 1167 1445 1225; x_wconf 86' lang='lat' dir='ltr'>equitumque</span> 
     </span>
     <span class='ocr_line' id='line_1_19' title="bbox 121 1231 1446 1291; baseline -0.002 -14"><span class='ocrx_word' id='word_1_138' title='bbox 121 1246 219 1277; x_wconf 85' lang='lat' dir='ltr'>eum</span> <span class='ocrx_word' id='word_1_139' title='bbox 253 1231 385 1276; x_wconf 83' lang='lat' dir='ltr'>Fabio</span> <span class='ocrx_word' id='word_1_140' title='bbox 419 1232 609 1276; x_wconf 85' lang='lat' dir='ltr'>venisse:</span> <span class='ocrx_word' id='word_1_141' title='bbox 642 1232 722 1277; x_wconf 87' lang='lat' dir='ltr'>sibi</span> <span class='ocrx_word' id='word_1_142' title='bbox 742 1231 906 1291; x_wconf 86' lang='lat' dir='ltr'>placere</span> <span class='ocrx_word' id='word_1_143' title='bbox 941 1232 990 1276; x_wconf 90' lang='lat' dir='ltr'>P.</span> <span class='ocrx_word' id='word_1_144' title='bbox 1014 1232 1190 1276; x_wconf 83' lang='lat' dir='ltr'>Decium</span> <span class='ocrx_word' id='word_1_145' title='bbox 1233 1231 1446 1276; x_wconf 86' lang='lat' dir='ltr'>consulem</span> 
     </span>
     <span class='ocr_line' id='line_1_20' title="bbox 124 1296 1447 1355; baseline 0 -15"><span class='ocrx_word' id='word_1_146' title='bbox 124 1296 260 1354; x_wconf 84' lang='lat' dir='ltr'>primo</span> <span class='ocrx_word' id='word_1_147' title='bbox 291 1311 458 1354; x_wconf 87' lang='lat' dir='ltr'>quoque</span> <span class='ocrx_word' id='word_1_148' title='bbox 488 1302 677 1354; x_wconf 85' lang='lat' dir='ltr'>tempore</span> <span class='ocrx_word' id='word_1_149' title='bbox 707 1297 751 1341; x_wconf 94' lang='lat' dir='ltr'>in</span> <span class='ocrx_word' id='word_1_150' title='bbox 790 1297 1004 1341; x_wconf 84' lang='lat' dir='ltr'>Etruriam</span> <span class='ocrx_word' id='word_1_151' title='bbox 1038 1297 1091 1341; x_wconf 80' lang='lat' dir='ltr'>ad</span> <span class='ocrx_word' id='word_1_152' title='bbox 1121 1296 1321 1355; x_wconf 82' lang='lat' dir='ltr'>collegam</span> <span class='ocrx_word' id='word_1_153' title='bbox 1353 1311 1447 1353; x_wconf 87' lang='lat' dir='ltr'>pro·</span> 
     </span>
     <span class='ocr_line' id='line_1_21' title="bbox 122 1360 1448 1419; baseline -0.001 -14"><span class='ocrx_word' id='word_1_154' title='bbox 122 1360 265 1416; x_wconf 88' lang='lat' dir='ltr'>ficisci‚</span> <span class='ocrx_word' id='word_1_155' title='bbox 293 1360 346 1405; x_wconf 91' lang='lat' dir='ltr'>L.</span> <span class='ocrx_word' id='word_1_156' title='bbox 371 1360 597 1405; x_wconf 89' lang='lat' dir='ltr'>Volumnio</span> <span class='ocrx_word' id='word_1_157' title='bbox 626 1361 839 1405; x_wconf 83' lang='lat' dir='ltr'>Samnium</span> <span class='ocrx_word' id='word_1_158' title='bbox 862 1361 1117 1419; x_wconf 85' lang='lat' dir='ltr'>provinciam</span> <span class='ocrx_word' id='word_1_159' title='bbox 1146 1361 1261 1405; x_wconf 90' lang='lat' dir='ltr'>dari:</span> <span class='ocrx_word' id='word_1_160' title='bbox 1293 1361 1329 1405; x_wconf 89' lang='lat' dir='ltr'>si</span> <span class='ocrx_word' id='word_1_161' title='bbox 1350 1376 1448 1405; x_wconf 88' lang='lat' dir='ltr'>con-</span> 
     </span>
     <span class='ocr_line' id='line_1_22' title="bbox 122 1424 1448 1483; baseline 0.001 -14"><span class='ocrx_word' id='word_1_162' title='bbox 122 1425 191 1469; x_wconf 86' lang='lat' dir='ltr'>sul</span> <span class='ocrx_word' id='word_1_163' title='bbox 213 1424 329 1470; x_wconf 86' lang='lat' dir='ltr'>malit</span> <span class='ocrx_word' id='word_1_164' title='bbox 352 1425 396 1470; x_wconf 87' lang='lat' dir='ltr'>in</span> <span class='ocrx_word' id='word_1_165' title='bbox 424 1440 540 1469; x_wconf 87' lang='lat' dir='ltr'>suam</span> <span class='ocrx_word' id='word_1_166' title='bbox 571 1426 825 1483; x_wconf 85' lang='lat' dir='ltr'>provinciam</span> <span class='ocrx_word' id='word_1_167' title='bbox 855 1426 929 1480; x_wconf 90' lang='lat' dir='ltr'>ire,</span> <span class='ocrx_word' id='word_1_168' title='bbox 952 1425 1225 1470; x_wconf 78' lang='lat' dir='ltr'>Volumnium</span> <span class='ocrx_word' id='word_1_169' title='bbox 1255 1426 1299 1470; x_wconf 91' lang='lat' dir='ltr'>in</span> <span class='ocrx_word' id='word_1_170' title='bbox 1318 1425 1448 1470; x_wconf 88' lang='lat' dir='ltr'>Etru-</span> 
     </span>
     <span class='ocr_line' id='line_1_23' title="bbox 123 1489 1448 1548; baseline 0.002 -15"><span class='ocrx_word' id='word_1_171' title='bbox 123 1489 228 1534; x_wconf 83' lang='lat' dir='ltr'>riam</span> <span class='ocrx_word' id='word_1_172' title='bbox 261 1489 314 1534; x_wconf 92' lang='lat' dir='ltr'>ad</span> <span class='ocrx_word' id='word_1_173' title='bbox 343 1489 555 1534; x_wconf 88' lang='lat' dir='ltr'>consulem</span> <span class='ocrx_word' id='word_1_174' title='bbox 588 1505 685 1534; x_wconf 89' lang='lat' dir='ltr'>cum</span> <span class='ocrx_word' id='word_1_175' title='bbox 717 1490 906 1535; x_wconf 86' lang='lat' dir='ltr'>exercitu</span> <span class='ocrx_word' id='word_1_176' title='bbox 929 1493 1050 1548; x_wconf 85' lang='lat' dir='ltr'>justo</span> <span class='ocrx_word' id='word_1_177' title='bbox 1086 1489 1294 1535; x_wconf 88' lang='lat' dir='ltr'>consulari</span> <span class='ocrx_word' id='word_1_178' title='bbox 1323 1490 1448 1548; x_wconf 87' lang='lat' dir='ltr'>profi-</span> 
     </span>
     <span class='ocr_line' id='line_1_24' title="bbox 123 1553 1515 1614; baseline 0.002 -16"><span class='ocrx_word' id='word_1_179' title='bbox 123 1554 237 1599; x_wconf 84' lang='lat' dir='ltr'>cisci.</span> <span class='ocrx_word' id='word_1_180' title='bbox 300 1553 447 1602; x_wconf 83' lang='lat' dir='ltr'>Quum</span> <span class='ocrx_word' id='word_1_181' title='bbox 467 1570 661 1613; x_wconf 84' lang='lat' dir='ltr'>magnam</span> <span class='ocrx_word' id='word_1_182' title='bbox 692 1559 853 1613; x_wconf 86' lang='lat' dir='ltr'>partem</span> <span class='ocrx_word' id='word_1_183' title='bbox 876 1558 1064 1600; x_wconf 88' lang='lat' dir='ltr'>moveret</span> <span class='ocrx_word' id='word_1_184' title='bbox 1085 1555 1220 1600; x_wconf 82' lang='lat' dir='ltr'>oratio</span> <span class='ocrx_word' id='word_1_185' title='bbox 1241 1555 1445 1614; x_wconf 76' lang='lat' dir='ltr'>praetori3‚</span> <span class='ocrx_word' id='word_1_186' title='bbox 1469 1566 1515 1602; x_wconf 89' lang='grc'>10</span> 
     </span>
     <span class='ocr_line' id='line_1_25' title="bbox 123 1618 1449 1679; baseline 0.002 -16"><span class='ocrx_word' id='word_1_187' title='bbox 123 1618 173 1663; x_wconf 88' lang='grc' dir='ltr'>Ρ.</span> <span class='ocrx_word' id='word_1_188' title='bbox 194 1618 375 1664; x_wconf 87' lang='lat' dir='ltr'>Decium</span> <span class='ocrx_word' id='word_1_189' title='bbox 400 1620 613 1664; x_wconf 83' lang='lat' dir='ltr'>censuisse</span> <span class='ocrx_word' id='word_1_190' title='bbox 633 1618 776 1663; x_wconf 88' lang='lat' dir='ltr'>ferunt</span> <span class='ocrx_word' id='word_1_191' title='bbox 804 1623 854 1663; x_wconf 90' lang='lat' dir='ltr'>ut</span> <span class='ocrx_word' id='word_1_192' title='bbox 881 1620 1022 1664; x_wconf 86' lang='lat' dir='ltr'>omnia</span> <span class='ocrx_word' id='word_1_193' title='bbox 1047 1620 1214 1679; x_wconf 81' lang='lat' dir='ltr'>integra</span> <span class='ocrx_word' id='word_1_194' title='bbox 1241 1635 1289 1665; x_wconf 88' lang='lat' dir='ltr'>ae</span> <span class='ocrx_word' id='word_1_195' title='bbox 1318 1620 1449 1665; x_wconf 87' lang='lat' dir='ltr'>libera</span> 
     </span>
     <span class='ocr_line' id='line_1_26' title="bbox 126 1682 1448 1742; baseline 0.001 -13"><span class='ocrx_word' id='word_1_196' title='bbox 126 1682 182 1731; x_wconf 81' lang='lat' dir='ltr'>Q.</span> <span class='ocrx_word' id='word_1_197' title='bbox 204 1682 337 1728; x_wconf 80' lang='lat' dir='ltr'>Fabio</span> <span class='ocrx_word' id='word_1_198' title='bbox 357 1688 640 1735; x_wconf 85' lang='lat' dir='ltr'>servarentur,</span> <span class='ocrx_word' id='word_1_199' title='bbox 661 1683 794 1728; x_wconf 88' lang='lat' dir='ltr'>donee</span> <span class='ocrx_word' id='word_1_200' title='bbox 814 1683 880 1728; x_wconf 82' lang='lat' dir='ltr'>vel</span> <span class='ocrx_word' id='word_1_201' title='bbox 905 1684 1007 1741; x_wconf 88' lang='lat' dir='ltr'>ipse,</span> <span class='ocrx_word' id='word_1_202' title='bbox 1033 1685 1069 1729; x_wconf 87' lang='lat' dir='ltr'>si</span> <span class='ocrx_word' id='word_1_203' title='bbox 1089 1700 1164 1742; x_wconf 90' lang='lat' dir='ltr'>per</span> <span class='ocrx_word' id='word_1_204' title='bbox 1184 1685 1448 1730; x_wconf 90' lang='lat' dir='ltr'>commodum</span> 
     </span>
     <span class='ocr_line' id='line_1_27' title="bbox 124 1747 1447 1808; baseline 0.002 -16"><span class='ocrx_word' id='word_1_205' title='bbox 124 1748 185 1792; x_wconf 90' lang='lat' dir='ltr'>rei</span> <span class='ocrx_word' id='word_1_206' title='bbox 221 1747 399 1806; x_wconf 87' lang='lat' dir='ltr'>publicae</span> <span class='ocrx_word' id='word_1_207' title='bbox 438 1753 595 1806; x_wconf 88' lang='lat' dir='ltr'>posset,</span> <span class='ocrx_word' id='word_1_208' title='bbox 630 1748 811 1792; x_wconf 85' lang='lat' dir='ltr'>Romam</span> <span class='ocrx_word' id='word_1_209' title='bbox 851 1749 1038 1793; x_wconf 85' lang='lat' dir='ltr'>venisset</span> <span class='ocrx_word' id='word_1_210' title='bbox 1073 1749 1140 1794; x_wconf 80' lang='lat' dir='ltr'>vel</span> <span class='ocrx_word' id='word_1_211' title='bbox 1176 1749 1355 1808; x_wconf 87' lang='lat' dir='ltr'>aliquem</span> <span class='ocrx_word' id='word_1_212' title='bbox 1396 1765 1447 1794; x_wconf 82' lang='lat' dir='ltr'>ex</span> 
     </span>
     <span class='ocr_line' id='line_1_28' title="bbox 122 1812 1449 1872; baseline 0.002 -16"><span class='ocrx_word' id='word_1_213' title='bbox 122 1812 274 1870; x_wconf 82' lang='lat' dir='ltr'>legatis</span> <span class='ocrx_word' id='word_1_214' title='bbox 354 1812 509 1868; x_wconf 79' lang='lat' dir='ltr'>isisset,</span> <span class='ocrx_word' id='word_1_215' title='bbox 543 1827 568 1856; x_wconf 87' lang='lat' dir='ltr'>a</span> <span class='ocrx_word' id='word_1_216' title='bbox 602 1827 686 1871; x_wconf 90' lang='lat' dir='ltr'>quo</span> <span class='ocrx_word' id='word_1_217' title='bbox 721 1812 902 1857; x_wconf 84' lang='lat' dir='ltr'>disceret</span> <span class='ocrx_word' id='word_1_218' title='bbox 942 1818 1126 1866; x_wconf 88' lang='lat' dir='ltr'>senatus,</span> <span class='ocrx_word' id='word_1_219' title='bbox 1165 1820 1369 1872; x_wconf 86' lang='lat' dir='ltr'>quantum</span> <span class='ocrx_word' id='word_1_220' title='bbox 1403 1815 1449 1859; x_wconf 88' lang='lat' dir='ltr'>in</span> 
     </span>
     <span class='ocr_line' id='line_1_29' title="bbox 123 1876 1447 1938; baseline 0.003 -17"><span class='ocrx_word' id='word_1_221' title='bbox 123 1877 296 1922; x_wconf 87' lang='lat' dir='ltr'>Etruria</span> <span class='ocrx_word' id='word_1_222' title='bbox 331 1876 429 1921; x_wconf 88' lang='lat' dir='ltr'>belli</span> <span class='ocrx_word' id='word_1_223' title='bbox 469 1883 582 1922; x_wconf 86' lang='lat' dir='ltr'>esset</span> <span class='ocrx_word' id='word_1_224' title='bbox 615 1878 866 1936; x_wconf 85' lang='lat' dir='ltr'>quantisque</span> <span class='ocrx_word' id='word_1_225' title='bbox 908 1877 1282 1923; x_wconf 83' lang='lat' dir='ltr'>administrandum</span> <span class='ocrx_word' id='word_1_226' title='bbox 1316 1880 1447 1938; x_wconf 88' lang='lat' dir='ltr'>copiis</span> 
     </span>
     <span class='ocr_line' id='line_1_30' title="bbox 121 1940 1573 2003; baseline 0.003 -17"><span class='ocrx_word' id='word_1_227' title='bbox 121 1947 166 1986; x_wconf 86' lang='lat' dir='ltr'>et</span> <span class='ocrx_word' id='word_1_228' title='bbox 194 1946 298 2000; x_wconf 91' lang='lat' dir='ltr'>quot</span> <span class='ocrx_word' id='word_1_229' title='bbox 325 1957 400 2000; x_wconf 88' lang='lat' dir='ltr'>per</span> <span class='ocrx_word' id='word_1_230' title='bbox 427 1940 554 1987; x_wconf 90' lang='lat' dir='ltr'>duces</span> <span class='ocrx_word' id='word_1_231' title='bbox 585 1946 710 1987; x_wconf 87' lang='lat' dir='ltr'>esset.</span> <span class='ocrx_word' id='word_1_232' title='bbox 772 1941 928 1987; x_wconf 86' lang='lat' dir='ltr'>Fabius</span> <span class='ocrx_word' id='word_1_233' title='bbox 954 1946 1005 1987; x_wconf 89' lang='lat' dir='ltr'>ut</span> <span class='ocrx_word' id='word_1_234' title='bbox 1036 1943 1215 1988; x_wconf 91' lang='lat' dir='ltr'>Romam</span> <span class='ocrx_word' id='word_1_235' title='bbox 1245 1944 1372 1997; x_wconf 85' lang='lat' dir='ltr'>redit,</span> <span class='ocrx_word' id='word_1_236' title='bbox 1402 1949 1443 1990; x_wconf 89' lang='lat' dir='ltr'>et</span> <span class='ocrx_word' id='word_1_237' title='bbox 1463 1947 1573 2003; x_wconf 82' lang='lat'>(26)</span> 
     </span>
     <span class='ocr_line' id='line_1_31' title="bbox 122 2005 1449 2065; baseline 0.003 -14"><span class='ocrx_word' id='word_1_238' title='bbox 122 2006 167 2051; x_wconf 91' lang='lat' dir='ltr'>in</span> <span class='ocrx_word' id='word_1_239' title='bbox 191 2010 344 2051; x_wconf 86' lang='lat' dir='ltr'>senatu</span> <span class='ocrx_word' id='word_1_240' title='bbox 368 2011 411 2051; x_wconf 88' lang='lat' dir='ltr'>et</span> <span class='ocrx_word' id='word_1_241' title='bbox 442 2005 674 2064; x_wconf 88' lang='lat' dir='ltr'>productus</span> <span class='ocrx_word' id='word_1_242' title='bbox 699 2005 752 2051; x_wconf 87' lang='lat' dir='ltr'>ad</span> <span class='ocrx_word' id='word_1_243' title='bbox 781 2006 983 2065; x_wconf 83' lang='lat' dir='ltr'>populum</span> <span class='ocrx_word' id='word_1_244' title='bbox 1009 2008 1187 2052; x_wconf 82' lang='lat' dir='ltr'>mediam</span> <span class='ocrx_word' id='word_1_245' title='bbox 1215 2009 1449 2056; x_wconf 85' lang='lat' dir='ltr'>orationem</span> 
     </span>
     <span class='ocr_line' id='line_1_32' title="bbox 123 2070 1451 2130; baseline 0.003 -14"><span class='ocrx_word' id='word_1_246' title='bbox 123 2070 285 2125; x_wconf 82' lang='lat' dir='ltr'>habuit,</span> <span class='ocrx_word' id='word_1_247' title='bbox 317 2075 368 2116; x_wconf 88' lang='lat' dir='ltr'>ut</span> <span class='ocrx_word' id='word_1_248' title='bbox 398 2086 476 2116; x_wconf 83' lang='lat' dir='ltr'>nee</span> <span class='ocrx_word' id='word_1_249' title='bbox 507 2086 661 2130; x_wconf 87' lang='lat' dir='ltr'>augere</span> <span class='ocrx_word' id='word_1_250' title='bbox 690 2086 769 2116; x_wconf 88' lang='lat' dir='ltr'>nec</span> <span class='ocrx_word' id='word_1_251' title='bbox 799 2071 986 2116; x_wconf 89' lang='lat' dir='ltr'>minuere</span> <span class='ocrx_word' id='word_1_252' title='bbox 1016 2071 1232 2118; x_wconf 85' lang='lat' dir='ltr'>videretur</span> <span class='ocrx_word' id='word_1_253' title='bbox 1261 2073 1359 2119; x_wconf 87' lang='lat' dir='ltr'>belli</span> <span class='ocrx_word' id='word_1_254' title='bbox 1390 2075 1451 2120; x_wconf 82' lang='lat' dir='ltr'>sa-</span> 
     </span>
     <span class='ocr_line' id='line_1_33' title="bbox 121 2135 1452 2195; baseline 0.003 -15"><span class='ocrx_word' id='word_1_255' title='bbox 121 2150 245 2191; x_wconf 83' lang='lat' dir='ltr'>mam,</span> <span class='ocrx_word' id='word_1_256' title='bbox 271 2135 491 2195; x_wconf 86' lang='lat' dir='ltr'>magisque</span> <span class='ocrx_word' id='word_1_257' title='bbox 520 2136 564 2180; x_wconf 90' lang='lat' dir='ltr'>in</span> <span class='ocrx_word' id='word_1_258' title='bbox 599 2135 731 2181; x_wconf 85' lang='lat' dir='ltr'>altero</span> <span class='ocrx_word' id='word_1_259' title='bbox 763 2135 1020 2181; x_wconf 87' lang='lat' dir='ltr'>adsumendo</span> <span class='ocrx_word' id='word_1_260' title='bbox 1049 2135 1156 2182; x_wconf 84' lang='lat' dir='ltr'>duce</span> <span class='ocrx_word' id='word_1_261' title='bbox 1186 2138 1361 2183; x_wconf 87' lang='lat' dir='ltr'>aliorum</span> <span class='ocrx_word' id='word_1_262' title='bbox 1388 2139 1452 2184; x_wconf 89' lang='lat' dir='ltr'>in-</span> 
     </span>
     <span class='ocr_line' id='line_1_34' title="bbox 122 2198 1451 2260; baseline 0.003 -15"><span class='ocrx_word' id='word_1_263' title='bbox 122 2198 297 2259; x_wconf 87' lang='lat' dir='ltr'>dulgere</span> <span class='ocrx_word' id='word_1_264' title='bbox 325 2201 470 2245; x_wconf 89' lang='lat' dir='ltr'>timori</span> <span class='ocrx_word' id='word_1_265' title='bbox 497 2216 621 2260; x_wconf 88' lang='lat' dir='ltr'>quam</span> <span class='ocrx_word' id='word_1_266' title='bbox 644 2215 722 2246; x_wconf 87' lang='lat' dir='ltr'>suo</span> <span class='ocrx_word' id='word_1_267' title='bbox 750 2204 825 2245; x_wconf 87' lang='lat' dir='ltr'>aut</span> <span class='ocrx_word' id='word_1_268' title='bbox 845 2201 906 2245; x_wconf 91' lang='lat' dir='ltr'>rei</span> <span class='ocrx_word' id='word_1_269' title='bbox 933 2201 1111 2260; x_wconf 82' lang='lat' dir='ltr'>publicoe</span> <span class='ocrx_word' id='word_1_270' title='bbox 1140 2203 1326 2258; x_wconf 85' lang='lat' dir='ltr'>periculo</span> <span class='ocrx_word' id='word_1_271' title='bbox 1353 2219 1451 2249; x_wconf 87' lang='lat' dir='ltr'>con-</span> 
     </span>
     <span class='ocr_line' id='line_1_35' title="bbox 124 2263 1491 2331; baseline 0.003 -17"><span class='ocrx_word' id='word_1_272' title='bbox 124 2263 277 2315; x_wconf 64' lang='lat' dir='ltr'>sulere.</span> <span class='ocrx_word' id='word_1_273' title='bbox 339 2265 552 2313; x_wconf 70' lang='lat' dir='ltr'>Caeterum</span> <span class='ocrx_word' id='word_1_274' title='bbox 592 2266 630 2312; x_wconf 85' lang='lat' dir='ltr'>si</span> <span class='ocrx_word' id='word_1_275' title='bbox 669 2265 751 2311; x_wconf 78' lang='lat' dir='ltr'>sibi</span> <span class='ocrx_word' id='word_1_276' title='bbox 790 2264 1027 2325; x_wconf 87' lang='lat' dir='ltr'>adjutorem</span> <span class='ocrx_word' id='word_1_277' title='bbox 1067 2265 1167 2314; x_wconf 86' lang='lat' dir='ltr'>belli</span> <span class='ocrx_word' id='word_1_278' title='bbox 1206 2268 1449 2331; x_wconf 82' lang='lat' dir='ltr'>sociumque</span> <span class='ocrx_word' id='word_1_279' title='bbox 1464 2278 1491 2320; x_wconf 84' lang='lat'><em>2</em></span> 
     </span>
    </p>
   </div>
  </div>
 </body>
</html>
