1649 2452
183 107 258 145 588
492 106 536 145 Τ.
573 105 722 145 L1V11
755 105 1170 146 HISTORIARUM

181 213 252 243 eos
272 213 318 243 se
338 198 450 244 Orco
476 201 659 244 mactare
686 199 714 243 J
717 200 840 244 unius
867 199 1076 252 dictitans,
1100 215 1229 258 quum
1248 157 1490 243 in[t‘⁴u'h9sfs{‘ix⁸i

181 263 312 321 signa,
343 263 531 307 turbavit
561 263 728 307 ordines
758 267 802 308 et
832 263 946 307 haud
980 263 1104 307 dubie
1139 263 1305 320 impulit
1345 263 1488 307 aciem.

182 326 309 374 Quod
335 327 409 371 ubi
437 326 567 370 sensit
596 326 788 382 dictator,
818 331 842 350 “
858 327 926 371 Ab
962 327 1119 371 laevone
1151 342 1281 371 cornu
1315 326 1492 371 victoria

180 390 392 448 incipiet,''
434 390 571 448 inquit
614 395 695 434 “et
736 391 930 435 dextrum
970 405 1102 435 cornu
1133 391 1349 434 dictatoris
1383 390 1491 434 acies

181 453 356 498 alienam
387 469 570 511 pugnam
602 458 814 512 sequetur,
845 469 930 498 non
958 458 1120 512 partem
1159 455 1381 498 maximam
1410 454 1493 498 vic-

180 518 299 562 toriae
333 518 473 561 trahet
487 519 534 562 ?''
578 518 774 562 Concitat
813 518 979 573 milites,
1013 533 1092 562 nec
1126 517 1312 574 peditum
1343 517 1494 562 virtuti

181 582 343 639 equites
364 585 438 625 aut
467 581 698 638 legatorum
730 581 871 626 studia
898 581 1073 626 ducibus
1104 581 1290 626 cedunt:
1321 581 1384 626 M.
1406 581 1493 626 Va·

179 646 306 690 lerius
337 660 362 689 a
391 645 540 689 dextro
569 646 618 689 P.
641 645 800 690 Decius
831 646 882 690 ab
911 645 1015 690 laevo
1045 645 1356 690 cornu—ambo
1395 654 1493 690 con-

181 709 452 753 sulares—ad
482 709 646 767 equites
677 710 722 753 in
748 709 943 754 cornibus
974 709 1134 766 positos
1162 709 1399 754 evehuntur
1422 708 1494 753 ad-

181 773 421 831 hortatique
441 787 525 826 eos,
548 780 598 817 ut
619 777 779 830 partem
801 788 945 818 secum
967 776 1232 830 capesserent
1253 772 1426 826 decoris,
1449 774 1494 816 in

146 841 421 881 6transversa
454 837 586 881 latera
619 837 804 882 hostium
838 838 1072 882 incurrunt.
1132 837 1178 881 Is
1213 851 1347 881 novus
1378 836 1494 880 addi-

181 907 252 946 tus
280 905 416 946 terror
437 917 568 958 quum
589 917 641 946 ex
667 906 786 959 parte
807 905 985 960 utraque
1006 901 1343 946 circumvasisset
1363 901 1494 945 aciem

183 973 226 1011 et
247 967 299 1010 ad
319 971 521 1011 terrorem
548 967 730 1011 hostium
764 967 948 1025 legiones
976 967 1180 1011 Romanae
1207 966 1494 1024 redintegrato

185 1031 363 1076 clamore
392 1031 633 1075 intulissent
663 1031 851 1089 gradum,
880 1034 972 1075 tum
1004 1031 1106 1088 fuga
1144 1030 1195 1075 ab
1238 1030 1497 1076 Samnitibus

185 1099 347 1153 coepta:
387 1096 473 1153 jam
506 1098 647 1153 strage
680 1096 894 1140 hominum
934 1110 1227 1153 armorumque
1267 1095 1496 1154 insignium

185 1160 320 1217 campi
353 1159 530 1218 repleri:
562 1174 610 1204 ac
644 1160 777 1217 primo
809 1159 980 1218 pavidos
1013 1160 1220 1204 Samnites
1252 1164 1390 1204 castra
1419 1175 1498 1204 sua

186 1238 392 1281 accepere,
417 1223 565 1268 deinde
585 1239 638 1268 ne
658 1239 708 1268 ea
728 1224 893 1282 quidem
923 1227 1088 1269 retenta
1106 1243 1116 1268 x
1149 1224 1282 1282 captis
1303 1224 1497 1280 direptis-

151 1291 268 1345 7que
298 1291 398 1332 ante
426 1291 593 1333 noctem
622 1288 802 1345 injectus
831 1289 954 1346 ignis.
1016 1289 1213 1333 Dictator
1242 1304 1295 1333 ex
1324 1292 1497 1333 senatus

187 1352 380 1397 consulto
410 1352 712 1410 triumphavit:
745 1355 866 1409 cujus
896 1353 1110 1410 triumpho
1130 1352 1254 1411 longe
1274 1353 1497 1397 maximam

189 1417 369 1474 speciem
390 1417 554 1474 captiva
574 1432 688 1461 arma
716 1417 930 1474 praebuere
948 1436 957 1461 :
989 1421 1158 1461 tantum
1177 1417 1498 1476 magnificentiae

188 1482 321 1526 visum
344 1482 389 1526 in
409 1481 473 1525 his
494 1484 543 1525 ut
564 1485 710 1525 aurata
730 1485 851 1526 scuta
878 1481 1054 1526 dominis
1085 1481 1414 1540 argentariarum
1445 1481 1500 1526 ad

189 1546 325 1590 sorum
349 1545 578 1590 ornandum
605 1545 916 1590 dividerentur:
947 1545 1043 1590 inde
1074 1550 1219 1590 natum
1249 1545 1416 1590 initium
1437 1545 1501 1590 di-

190 1610 300 1654 citur
320 1609 401 1653 sori
420 1609 594 1654 ornandi
615 1609 666 1654 ab
691 1609 891 1662 aedilibus,
915 1625 1041 1667 quum
1071 1614 1203 1655 tensae
1234 1608 1501 1654 ducerentur.

155 1679 177 1715 8
191 1674 248 1718 Et
269 1674 449 1718 Romani
471 1673 636 1732 quidem
658 1673 710 1717 ad
737 1673 935 1717 honorem
965 1673 1091 1718 desim
1119 1673 1354 1732 insignibus
1374 1674 1500 1718 armis

191 1738 373 1782 hostium
402 1738 468 1782 usi
496 1741 608 1791 sunt,
633 1737 834 1795 Campani
863 1737 915 1781 ad
946 1737 1182 1795 superbiam
1203 1741 1246 1782 et
1267 1737 1363 1782 odio
1385 1737 1502 1782 Sam·

191 1803 341 1847 uitium
363 1801 785 1860 gladiatores—quod
812 1802 1097 1860 spectaculum
1117 1802 1228 1846 inter
1247 1801 1390 1859 epulas
1411 1805 1503 1846 erat

191 1882 300 1911 —eo
330 1869 482 1911 ornatu
512 1867 726 1910 armarunt
759 1866 1090 1922 Samnitiumque
1123 1866 1290 1910 nomine
1325 1866 1504 1923 compel-

157 1929 567 1976 wirunt—Eodem
595 1946 703 1974 anno
732 1945 823 1974 cum
855 1930 1025 1988 reliquis
1053 1931 1327 1975 Etruscorum
1350 1929 1402 1973 ad
1422 1930 1504 1974 Pe-

193 1996 361 2049 rusiam,
394 2011 486 2053 quoe
513 1999 556 2039 et
580 1995 671 2052 ipsa
697 1994 955 2039 induciarum
986 1995 1108 2039 fidem
1137 1998 1319 2052 ruperat,
1346 1994 1502 2039 Fabius

194 2059 339 2105 consul
368 2075 445 2104 nec
475 2059 601 2104 dubia
630 2075 706 2103 nec
737 2059 891 2103 difficili
920 2059 1095 2103 victoria
1129 2058 1322 2103 dimicat:
1365 2058 1502 2116 ipsum

194 2123 543 2182 oppidum—nam
579 2122 630 2167 ad
661 2123 813 2167 moenia
845 2123 980 2167 victor
1015 2122 1425 2180 accessit—cepisset
1457 2122 1503 2168 ni

135 2187 322 2244 lolegati
343 2187 541 2231 dedentes
562 2187 706 2231 urbem
731 2187 929 2232 exissent.
988 2186 1189 2231 Praesidio
1219 2186 1404 2231 Perusiae
1424 2187 1503 2231 im-

194 2251 331 2312 posito
352 2250 630 2310 legationibus
650 2251 832 2297 Etruriae
847 2250 1070 2296 amicitiam
1091 2249 1330 2309 petentibus
1350 2265 1436 2309 ptae
1455 2265 1502 2297 se
