1649 2452
202 123 283 162 612
527 122 573 160 Τ.
593 121 742 160 LIVII
778 119 1194 161 HISTORIARUM
1312 177 1358 217 [A
1386 177 1414 208 c
1440 178 1501 210 298

199 215 316 261 tibus
348 215 501 270 fuerat,
532 216 630 261 talis
660 215 773 260 domi
800 219 893 261 tum
921 217 967 261 in
995 231 1169 261 annonae
1204 216 1513 275 dispensatione

199 281 470 338 praeparando
491 296 539 326 ac
558 280 828 325 convehendo
849 281 1060 325 frumento
1081 281 1246 326 fuisset.

162 347 188 390 7
256 344 322 390 Eo
352 360 597 390 anno—nec
626 344 811 389 traditur
835 346 1305 404 causa—interregnum
1333 346 1512 391 initum:

195 408 429 468 interreges
449 409 668 466 fuereAp.
693 408 894 452 Claudius
919 409 1015 453 dein
1042 409 1091 453 P.
1116 409 1349 466 Sulpicius:
1380 409 1416 454 is
1445 425 1514 454 co-

194 472 316 517 mitia
335 473 568 518 consularia
586 472 747 526 habuit,
766 473 923 517 creavit
943 472 996 517 L.
1014 472 1251 518 Cornelium
1277 473 1512 531 Scipionem

152 541 178 579 8
197 536 274 582 Cn.
300 537 497 582 Fulvium
531 536 736 581 consules.
795 536 1008 595 Principio
1037 537 1166 595 hujus
1196 538 1294 582 anni
1324 540 1510 583 oratores

192 601 462 646 Lucanorum
488 600 541 645 ad
567 615 698 645 novos
727 600 920 646 consules
946 606 1153 646 venerunt
1181 605 1390 659 questum,
1413 602 1512 659 quia

192 664 504 710 conditionibus
540 664 742 723 perlicere
783 680 828 710 se
867 665 1134 723 nequiverint
1173 664 1228 709 ad
1267 665 1510 711 societatem

192 743 417 782 armorum,
439 729 648 773 Samnites
668 729 824 773 infesto
845 729 1034 774 exercitu
1053 729 1266 787 ingressos
1285 729 1389 774 fines
1410 745 1509 776 suos

189 796 357 838 vastare
376 793 569 851 belloque
585 793 638 838 ad
657 792 812 838 bellum
834 808 1006 851 cogere:
1035 793 1210 838 Lucano
1230 794 1385 851 populo
1406 795 1509 840 satis

190 872 399 916 superque
420 861 605 902 erratum
627 856 849 915 quondam,
872 873 984 902 nunc
1004 858 1065 901 ita
1085 857 1320 902 obstinatos
1349 858 1508 904 animos

189 936 282 966 esse
308 925 360 966 ut
386 922 526 966 omnia
544 921 654 966 ferre
675 936 723 966 ac
743 922 832 979 pati
851 921 1109 966 tolerabilius
1131 921 1287 966 ducant
1314 937 1439 980 quam
1457 926 1508 968 ut

187 1000 386 1044 umquam
415 989 512 1043 post
546 1001 596 1030 ea
624 1000 776 1030 nomen
805 984 1044 1029 Romanum
1073 986 1257 1030 violent:
1288 1001 1407 1031 orare
1435 1001 1509 1044 pa·

186 1052 275 1094 tres
308 1054 359 1094 ut
393 1054 436 1094 et
475 1050 671 1095 Lucanos
705 1050 751 1094 in
782 1049 907 1094 fidem
943 1050 1148 1108 accipiant
1182 1055 1226 1094 et
1260 1051 1345 1094 vim
1380 1054 1507 1109 atque

185 1113 384 1170 injuriam
404 1114 456 1158 ab
477 1130 522 1158 se
545 1114 795 1158 Samnitium
816 1117 1011 1159 arceant:
1045 1130 1102 1169 se,
1125 1129 1376 1173 quamquam
1397 1114 1505 1160 bello

186 1192 285 1222 cum
306 1177 564 1223 Samnitibus
587 1182 783 1236 suscepto
804 1178 1039 1223 necessaria
1053 1183 1144 1236 jam
1163 1179 1278 1224 facta
1304 1178 1504 1224 adversus

185 1241 400 1287 Romanos
435 1242 538 1287 fides
575 1243 643 1296 sit,
681 1246 825 1287 tamen
858 1242 1025 1287 obsides
1061 1242 1159 1287 dare
1194 1245 1362 1300 paratos
1398 1259 1502 1289 esse.

77 1305 334 1360 (12)Brevis
366 1307 619 1351 consultatio
650 1310 822 1351 senatus
852 1307 960 1351 fuit:
993 1306 1046 1351 ad
1076 1323 1207 1351 unum
1238 1323 1384 1352 omnes
1409 1308 1504 1366 jun·

184 1370 369 1426 gendum
388 1371 524 1416 foedus
545 1386 640 1416 cum
661 1371 846 1416 Lucanis
868 1387 1018 1429 resque
1044 1371 1293 1429 repetendas
1315 1371 1366 1417 ab
1389 1372 1503 1417 Sam-

146 1434 342 1481 2nitibus
364 1438 550 1480 censent.
601 1435 793 1493 Benigne
814 1450 1062 1492 responsum
1082 1436 1267 1480 Lucanis
1288 1436 1503 1495 ictumque

181 1499 345 1544 foedus:
377 1499 541 1544 fetiales
569 1500 687 1544 missi
714 1500 786 1558 qui
816 1500 1047 1544 Samnitem
1077 1500 1276 1545 decedere
1305 1516 1406 1559 agro
1436 1517 1503 1547 so-

180 1563 339 1608 ciorum
375 1579 423 1608 ac
457 1563 663 1608 deducere
699 1564 931 1608 exercitum
966 1564 1120 1609 finibus
1160 1564 1345 1610 Lucanis
1379 1565 1503 1623 jube-

142 1631 288 1673 3rent.
350 1627 517 1677 Quibus
545 1627 709 1673 obviam
738 1629 855 1673 missi
884 1628 935 1673 ab
959 1628 1216 1674 Samnitibus
1245 1630 1318 1687 qui
1345 1629 1501 1675 denun-

177 1692 346 1749 tiarent,
382 1693 419 1737 si
454 1691 567 1751 quod
606 1692 792 1737 adissent
827 1693 871 1737 in
909 1693 1081 1737 Samnio
1117 1694 1351 1747 concilium,
1388 1694 1501 1739 haud

176 1757 400 1802 inviolatos
422 1757 623 1802 abituros.
685 1757 793 1801 Haec
809 1762 1031 1815 postquam
1053 1758 1197 1802 audita
1217 1762 1316 1802 sunt
1337 1758 1498 1813 Romae,

176 1821 333 1866 bellum
375 1821 635 1865 Samnitibus
671 1826 715 1865 et
756 1827 897 1878 patres
939 1827 1195 1866 censuerunt
1235 1827 1278 1867 et
1318 1822 1497 1881 populus

138 1893 164 1930 4
170 1886 314 1942 jussit.
376 1885 581 1930 Consules
609 1886 721 1930 inter
741 1901 786 1930 se
814 1886 1048 1944 provincias
1079 1887 1222 1943 partiti
1253 1891 1377 1931 sunt:
1410 1887 1498 1932 Sci-

174 1950 290 2007 pioni
321 1949 496 1995 Etruria
529 1950 683 1994 Fulvio
716 1951 923 1995 Samnites
954 1950 1227 2004 obvenerunt,
1261 1951 1495 2010 diversique

135 2021 162 2060 6
175 2013 227 2058 ad
248 2030 373 2059 suum
393 2015 571 2074 quisque
592 2014 750 2060 bellum
771 2015 1109 2073 proficiscuntur.
1164 2015 1347 2073 Scipioni
1367 2031 1496 2073 segne

173 2078 327 2123 bellum
349 2082 392 2123 et
413 2079 547 2124 simile
568 2079 719 2137 prioris
746 2080 843 2123 anni
871 2079 1030 2124 militiae
1060 2080 1322 2137 exspectanti
1349 2079 1494 2125 hostes

173 2142 228 2188 ad
246 2143 490 2188 Volaterras
511 2144 721 2188 instructo
743 2143 906 2202 agmine
923 2147 1197 2189 occurrerunt
1215 2160 1225 2188 ε
1256 2148 1492 2202 pugnatum

171 2209 330 2265 majore
350 2212 469 2264 parte
492 2207 575 2252 diei
604 2223 757 2266 magna
782 2209 995 2266 utrimque
1023 2207 1159 2254 caede:
1192 2222 1276 2252 nox
1304 2208 1489 2262 incertis,

172 2286 258 2331 qua
282 2271 382 2319 data
406 2272 584 2318 victoria
610 2277 735 2327 esset,
764 2272 1017 2319 intervenit:
1048 2272 1123 2318 lux
1149 2272 1374 2332 insequens
1404 2273 1491 2319 vic-
