1649 2452
563 72 963 120 LIB.V1.17‚18.
1353 74 1426 121 391

109 127 150 160 Α.
169 127 204 161 c.
221 126 313 168 331]

107 169 265 234 aliquid
283 167 490 213 universis
524 171 598 213 aut
619 169 759 212 omnia
788 167 966 228 singulis
987 165 1195 225 patienda.
1259 166 1428 215 Quous-
1444 172 1469 210 6

107 249 188 291 que
217 249 284 278 me
314 232 752 290 circumspectabitis?
794 247 932 292 egoq
904 228 1073 292 quidem
1103 229 1209 275 nulli
1237 233 1428 275 vestrm

106 298 260 344 deero:
290 313 343 342 ne
371 297 542 341 fortuna
567 312 661 342 mea
682 297 805 351 desit,
825 296 978 342 videte.
1041 295 1142 354 Ipse
1163 293 1318 339 vindex
1337 309 1429 341 ves-
1446 302 1468 343 7

106 366 184 418 ter,
213 361 288 407 ubi
317 361 454 420 visum
484 360 664 405 inimicis
695 365 774 415 est,
806 361 947 406 nullus
977 363 1151 417 repente
1182 358 1258 412 fui,
1293 362 1336 403 et
1366 358 1429 403 vi-

106 425 227 471 distis
247 425 293 470 111
311 424 478 470 vincula
506 424 603 470 duci
623 425 810 470 universi
832 441 940 480 eum,
964 424 1037 484 qui
1065 439 1089 468 a
1110 423 1286 482 singulis
1308 422 1427 468 vobis

105 490 271 536 vincula
300 489 553 548 depuleram.
616 489 733 538 Quid
754 505 929 548 sperem,
953 488 990 534 si
1014 488 1109 545 plus
1129 487 1175 532 in
1204 503 1271 532 me
1301 485 1427 533 aude-
1442 495 1466 532 8

104 559 178 599 ant
217 553 406 599 inimici?
448 569 501 598 an
531 554 691 598 exitum
724 553 860 598 Cassii
900 553 1116 612 Maeliiqne
1152 552 1426 610 exspectem?

104 618 210 664 bene
239 618 378 663 facitis
410 617 523 677 quod
554 618 875 663 abominamini:
909 618 964 662 dii
997 616 1279 676 prohibebunt
1309 617 1425 662 haec:

105 682 181 728 sed
200 698 426 742 numquam
458 688 632 742 propter
653 699 719 727 me
750 682 802 727 de
830 682 933 728 coelo
962 680 1230 727 descendent.
1291 681 1426 727 Vobis
1445 688 1469 726 9

104 747 206 792 dent
236 751 422 792 mentem
451 751 621 806 oportet
652 753 702 792 111
733 746 1002 806 prohibeatis,
1028 746 1138 791 sicut
1170 745 1273 791 mihi
1304 744 1429 791 dede-

103 815 205 857 runt
235 816 395 856 armato
426 815 658 871 togatoque
697 814 747 856 111
777 826 853 856 vos
885 827 909 855 a
943 810 1130 856 barbaris
1160 810 1368 864 hostibus,
1404 826 1429 855 a

105 875 296 935 superbis
317 875 583 921 defenderem
605 875 778 921 civibus.
830 876 933 920 Tam
955 891 1109 934 parvus
1131 875 1295 920 animus
1315 875 1428 920 tanti
1449 881 1496 918 10

103 940 248 999 populi
268 943 346 994 est,
369 944 418 985 ut
447 955 610 998 semper
631 939 751 985 vobis
779 939 981 984 auxilium
1009 939 1209 984 adversus
1235 939 1427 984 inimicos

104 1008 208 1050 satis
238 1005 307 1062 sit,
329 1020 405 1050 nec
433 1005 580 1060 ullum,
600 1005 683 1049 nisi
713 1008 920 1063 quatenus
948 1004 1145 1062 imperari
1169 1003 1287 1049 vobis
1318 1004 1429 1048 sina-

102 1070 173 1125 tis,
201 1074 414 1115 certamen
444 1069 643 1114 adversus
673 1073 814 1128 patres
844 1069 1028 1113 noritis?
1058 1084 1136 1114 nec
1166 1068 1246 1114 hoc
1273 1073 1428 1114 natura

105 1134 277 1178 insitum
297 1134 416 1179 vobis
447 1139 513 1178 est
541 1133 615 1178 sed
642 1149 723 1178 usu
751 1133 1033 1192 possidemini.
1097 1133 1185 1178 Cur
1211 1134 1322 1178 enirn
1353 1133 1427 1178 ad·
1447 1139 1492 1177 11

104 1215 251 1244 versus
282 1203 478 1244 externos
506 1203 674 1243 tantum
706 1199 939 1243 animorum
968 1200 1116 1257 geritis
1143 1200 1193 1242 ut
1220 1203 1426 1256 imperare

102 1263 184 1308 illis
205 1280 372 1322 aequum
399 1264 637 1309 censeatis?
670 1263 767 1322 quia
794 1263 1030 1308 consuestis
1059 1278 1153 1308 cum
1175 1262 1235 1308 eis
1255 1278 1331 1322 pro
1351 1263 1427 1308 im-

104 1329 219 1387 perio
241 1333 414 1382 certare,
443 1327 643 1373 adversus
670 1328 749 1372 hos
770 1331 978 1386 temptare
1005 1327 1140 1386 magis
1162 1342 1287 1386 quam
1313 1328 1427 1373 tueri

102 1393 354 1438 libertatem.
405 1393 576 1446 Tamen,
600 1393 925 1451 qualescumque
946 1391 1074 1437 duces
1095 1391 1302 1437 habuistis
1325 1407 1426 1451 qna-

103 1457 345 1517 lescumque
384 1457 466 1516 ipsi
503 1458 658 1511 fuistis,
702 1457 842 1502 omnia
892 1457 1426 1516 adhuc—quantacumque

103 1521 580 1582 petistis—obtinuistis
603 1538 679 1567 seu
694 1522 737 1567 vi
757 1537 834 1566 5811
849 1521 1021 1566 fortuna
1034 1525 1189 1566 vestra.
1241 1521 1426 1579 Tempus
1445 1530 1494 1568 12

103 1592 169 1632 est
197 1587 325 1632 etiam
351 1587 510 1644 majora
539 1587 708 1632 conari:
741 1586 987 1645 experimini
1015 1585 1140 1631 modo
1170 1589 1214 1631 et
1242 1590 1427 1631 vestram

102 1651 350 1697 felicitatem
378 1655 421 1696 et
449 1667 515 1696 me
545 1656 595 1696 ut
623 1666 746 1710 spero
776 1651 956 1696 feliciter
986 1655 1232 1711 expertum:
1266 1651 1427 1696 minore

103 1716 274 1775 negotio
306 1716 379 1775 qni
405 1716 583 1775 imperet
613 1715 804 1774 patribus
832 1715 1071 1772 imponetis,
1104 1730 1229 1773 quam
1259 1715 1332 1773 qui
1361 1730 1428 1760 re-

103 1781 302 1826 sisterent
322 1777 628 1838 imperantibus
658 1779 919 1838 imposuistis
941 1796 950 1824 :
981 1779 1070 1823 solo
1092 1778 1304 1838 aequandae
1325 1781 1427 1824 sunt

103 1845 324 1890 dictaturae
365 1844 706 1902 consulatusque,
737 1847 786 1888 ut
828 1846 956 1902 caput
997 1843 1199 1888 adtollere
1234 1843 1427 1888 Romana

103 1909 245 1968 plebes
276 1909 426 1968 possit.
489 1907 673 1953 Pr0inde
714 1907 870 1962 adeste,
887 1907 1123 1969 ,prohibete
1151 1910 1226 1966 jus
1267 1907 1319 1953 de
1354 1923 1426 1967 pe·
1444 1915 1493 1953 13

102 1974 238 2019 cuniis
269 1973 379 2018 dici:
423 1988 502 2031 ego
541 1988 609 2017 me
639 1975 866 2030 patronum
905 1972 1105 2030 profiteor
1134 1971 1280 2030 plebis,
1313 1972 1427 2032 quod

104 2039 207 2083 mihi
240 2053 342 2083 cura
370 2053 464 2082 mea
493 2040 537 2082 81
566 2037 670 2082 fides
701 2051 854 2081 nomen
883 2035 1048 2080 induit:
1078 2051 1153 2081 vos
1184 2037 1221 2081 si
1251 2051 1334 2095 quo
1365 2037 1426 2081 in-

103 2102 215 2161 signi
242 2102 377 2161 magis
398 2101 563 2160 imperii
588 2101 812 2146 honorisve
839 2100 1007 2145 nomine
1027 2103 1213 2146 vestrum
1244 2100 1426 2160 appella-

103 2165 203 2212 bitis
243 2166 405 2219 dueem,
438 2181 488 2212 eo
527 2166 707 2211 utemini
746 2164 984 2224 potentiore
1023 2164 1077 2211 ad
1112 2164 1341 2211 obtinenda
1375 2181 1425 2211 88

105 2245 198 2291 quae
236 2230 409 2279 mltis?
470 2229 579 2276 Inde
618 2229 671 2277 de
710 2245 841 2290 regno
882 2228 1034 2292 agendi
1072 2233 1214 2276 ortum
1254 2230 1422 2276 initium
1444 2237 1495 2277 14
