1649 2452
175 102 253 146 374
496 103 541 143 Τ.
563 102 712 145 L1v11
748 105 1165 147 HISTORIARUM
1288 159 1331 199 [A
1361 160 1387 191 c
1413 159 1495 193 385,

174 197 291 243 velut
318 197 531 256 publicum
558 200 822 258 exigentibus
852 215 958 259 opus
988 204 1032 246 et
1050 201 1153 260 ipsis
1184 201 1491 258 privatis—ad-

174 262 372 308 monebat
391 263 502 308 enim
533 263 784 309 desiderium
810 261 1269 311 usus—festinantibus
1297 265 1351 310 ad
1371 266 1488 311 effec-

139 330 161 368 6
175 329 267 371 tum
294 328 456 385 operis:
497 327 692 387 intraque
717 344 872 373 annum
897 344 1008 374 nova
1037 330 1134 375 urbs
1163 330 1296 374 stetit.
1359 329 1491 374 Exitu

175 391 273 436 anni
293 393 463 436 comitia
481 392 745 437 tribunorum
765 393 947 438 militum
962 394 1170 439 consulari
1185 397 1397 452 potestate
1415 395 1492 438 ha-

174 454 288 499 bita:
329 457 459 501 creati
489 457 537 501 Τ.
561 457 788 505 Quinctius
813 457 1088 503 Cincinnatus
1115 458 1169 506 Q..
1195 459 1393 502 Servilius
1421 458 1492 502 Fi-

176 518 303 564 denas
334 521 527 578 quintum
551 521 603 565 L.
625 520 765 565 Julius
793 521 917 566 Julus
945 523 996 566 L.
1019 522 1214 580 Aquilius
1243 522 1406 567 Corvus
1436 522 1491 566 L.

176 583 402 629 Lucretius
428 585 700 643 Tricipitinus
729 585 817 629 Ser.
847 586 1056 643 Sulpicius
1087 586 1229 630 Rufus
1259 587 1492 631 exercitum

176 647 354 693 alterum
382 649 428 693 in
457 650 619 707 AEquos
659 664 744 693 non
779 648 832 693 ad
860 649 1209 695 bellum—victos
1238 666 1418 708 namque
1448 666 1494 696 se

175 712 551 758 fatebantur—sed
571 714 622 758 ab
650 713 744 758 odio
773 713 825 757 ad
853 714 1152 771 pervastandos
1182 715 1298 768 fines,
1321 730 1375 759 ne
1395 715 1497 773 quid

176 775 230 821 ad
256 791 365 821 nova
396 778 567 823 consilia
600 777 884 836 relinquerent
913 779 1079 832 virium,
1113 778 1283 832 duxere,
1315 778 1495 823 alterum

142 849 162 888 7
176 841 221 885 in
241 856 389 900 agrum
409 842 764 900 Tarquiniensem.
828 843 898 888 Ibi
922 843 1075 902 oppida
1094 843 1372 887 Etruscorum
1394 843 1498 887 Cor-

176 909 301 950 tuosa
340 910 384 951 et
425 907 692 952 Contenebra
730 908 774 952 vi
808 912 944 966 capta.
1006 908 1077 952 Ad
1113 907 1363 952 Cortuosam
1393 907 1498 953 nihil

177 971 417 1015 certaminis
444 971 551 1016 fuit:
583 972 813 1030 improviso
842 972 981 1017 adorti
1008 972 1143 1030 primo
1171 971 1350 1017 clamore
1370 976 1498 1030 atque

176 1035 338 1093 impetu
359 1051 508 1093 cepere
526 1053 534 1080 :
566 1036 777 1094 direptum
798 1037 994 1095 oppidum
1019 1041 1146 1095 atque
1175 1037 1394 1081 incensum
1415 1041 1493 1081 est.

179 1098 446 1144 Contenebra
476 1115 631 1158 paucos
669 1101 757 1146 dies
793 1101 1148 1159 oppugnationem
1184 1101 1401 1152 sustinuit,
1439 1101 1499 1144 la-

177 1163 336 1222 borque
366 1165 592 1210 continuus
622 1180 707 1210 non
735 1165 801 1210 die
827 1181 913 1210 non
939 1170 1063 1210 nocte
1091 1165 1292 1209 remissus
1324 1165 1495 1223 subegit

143 1235 262 1272 8eos.
324 1229 470 1277 Quum
496 1229 542 1273 in
569 1245 643 1274 sex
671 1234 812 1288 partes
841 1229 1001 1274 divisus
1032 1230 1242 1274 exercitus
1273 1230 1492 1274 Romanus

178 1293 289 1337 senis
317 1293 430 1338 horis
458 1294 504 1339 in
530 1293 673 1338 orbem
701 1293 945 1340 succederet
973 1295 1132 1353 proelio,
1156 1294 1386 1352 oppidanos
1407 1309 1500 1338 eos-

178 1357 273 1402 dem
293 1357 459 1417 integro
487 1374 651 1416 semper
679 1359 896 1404 certamini
917 1359 1106 1417 paucitas
1128 1358 1262 1402 fessos
1283 1358 1497 1417 objiceret,

179 1437 342 1467 cessere
363 1422 532 1468 tandem
552 1423 754 1482 locusque
780 1423 1005 1468 invadendi
1030 1423 1177 1467 urbem
1199 1423 1403 1467 Romanis
1425 1423 1500 1467 da-

143 1489 250 1531 9tus
278 1490 356 1531 est.
418 1487 631 1532 Publicari
659 1487 842 1546 praedam
868 1487 1050 1532 tribunis
1081 1487 1285 1546 placebat,
1318 1487 1393 1531 sed
1421 1488 1500 1532 im-

179 1551 341 1609 perium
370 1567 495 1610 quam
523 1551 744 1597 consilium
775 1553 945 1611 segnius
971 1552 1077 1596 fuit:
1111 1551 1211 1596 dum
1232 1554 1500 1608 cunctantur,

176 1615 263 1673 jam
295 1615 477 1660 militum
507 1617 649 1675 praeda
678 1620 770 1661 erat
799 1632 877 1662 nec
912 1617 994 1660 nisi
1029 1631 1105 1673 per
1140 1615 1339 1660 invidiam
1374 1616 1500 1660 adimi

117 1689 164 1725 10
180 1684 361 1738 poterat.
422 1680 584 1726 Eodem
625 1696 747 1736 anno,
788 1697 841 1726 ne
882 1681 1057 1739 privatis
1097 1684 1264 1724 tantum
1304 1680 1499 1738 operibus

180 1748 391 1790 cresceret
417 1745 532 1799 urbs,
564 1745 815 1804 Capitolium
847 1760 1012 1804 quoque
1042 1759 1145 1789 saxo
1173 1743 1376 1803 quadrato
1404 1745 1500 1790 sub·

180 1812 392 1854 structum
422 1812 501 1863 est,
532 1824 639 1868 opus
665 1810 734 1855 vel
760 1810 806 1854 in
832 1810 910 1855 hac
936 1809 1249 1868 magnificentia
1267 1808 1383 1854 urbis
1404 1823 1500 1854 con·

181 1873 456 1932 spiciendum.

96 1939 168 1991 (5)
238 1938 336 1982 Jam
371 1941 415 1983 et
450 1938 611 1984 tribuni
645 1938 779 1997 plebis
809 1938 982 1984 civitate
1017 1937 1260 1984 aedificando
1296 1940 1500 1996 occupata

181 2003 400 2049 conciones
422 2019 519 2048 suas
547 2004 815 2061 frequentare
842 2003 1008 2062 legibus
1030 2003 1206 2062 agrariis
1227 2003 1498 2048 conabantur.

127 2067 488 2112 .20stentabatur
507 2068 551 2112 in
567 2083 683 2126 spem
705 2068 956 2126 Pomptinus
977 2083 1077 2125 ager
1091 2071 1184 2112 tum
1206 2068 1387 2126 primum
1402 2071 1499 2126 post

181 2131 337 2177 accisas
359 2146 384 2176 a
404 2132 579 2177 Camillo
608 2133 858 2178 Vulscorum
888 2148 956 2177 res
984 2133 1259 2190 possessionis
1279 2133 1392 2177 haud
1414 2147 1500 2176 am-

146 2195 332 2257 3biguae.
393 2196 734 2242 Criminabantur
767 2198 901 2243 multo
932 2212 1028 2242 eum
1060 2197 1320 2242 infestiorem
1351 2212 1499 2255 agrum

182 2261 236 2308 ab
263 2260 485 2309 nobilitate
513 2276 606 2309 esse
636 2277 762 2322 quam
791 2261 962 2310 Vulscis
996 2262 1149 2309 fuerit:
1180 2262 1234 2309 ab
1267 2262 1350 2309 illis
1386 2261 1497 2308 enim
