1649 2452
232 95 311 137 622
549 93 596 132 Τ.
626 91 775 133 LIVII
810 92 1228 135 HISTORIARUM

233 189 405 232 strenue
425 187 564 232 facere
592 200 716 243 quam
743 200 823 244 ego
843 185 918 230 abs
937 189 981 231 te
1003 186 1108 230 scite
1127 185 1243 244 loqui
1270 145 1549 232 dissssg'gssffffi

193 261 217 299 6
234 252 454 296 Postremo
497 250 777 295 conditionem
818 250 928 295 ferre
969 265 1062 307 quee
1103 249 1324 298 decretura
1363 251 1431 304 sit,
1468 265 1552 296 non

233 318 569 372 orator-neque
605 313 717 358 enim
753 313 798 358 id
827 313 1063 361 desiderare
1091 330 1181 361 rem
1212 313 1554 372 publicam-sed

233 380 460 437 imperator
480 384 577 423 uter
607 378 664 422 sit
692 377 864 425 melior:
895 377 1114 423 Etruriam
1141 381 1186 425 et
1214 379 1429 426 Samnium
1454 394 1553 437 pro-

233 444 390 489 vincias
413 458 517 495 esse,
539 445 679 487 utram
699 441 841 489 mallet
869 441 1069 501 eligeret:
1101 457 1179 488 suo
1207 442 1396 489 exercitu
1422 458 1468 489 se
1490 443 1554 488 vel

195 514 217 557 7
233 508 278 552 in
298 507 475 552 Etruria
493 506 561 552 vel
580 506 626 552 in
648 506 816 551 Samnio
836 521 924 550 rem
946 510 1182 564 gesturum.
1242 507 1351 564 Tum
1371 507 1552 553 militum

234 571 390 616 clamor
410 574 529 615 ortus
550 573 599 615 ut
628 569 754 614 simul
781 569 903 614 ambo
931 569 1086 615 bellum
1114 570 1345 616 Etruscum
1373 571 1554 629 suscipe-

195 646 219 682 8
234 638 342 680 rent.
405 635 503 683 Quo
539 633 828 679 animadverso
869 649 1078 681 consensu
1111 634 1365 681 Volumnius
1400 637 1425 660 “
1439 635 1555 683 Quo-

234 699 347 745 niam
366 699 410 746 in
426 699 598 754 collegae
613 698 832 743 voluntate
851 697 1194 756 interpretanda”
1209 698 1348 756 inquit
1369 700 1396 723 “
1407 700 1554 755 erravi,

234 779 320 808 non
340 764 600 808 committam
626 766 676 807 ut
705 762 807 820 quid
833 777 908 806 vos
937 762 1076 807 velitis
1104 762 1327 809 obscurum
1358 763 1439 809 sit:
1470 779 1555 808 ma-

195 837 334 876 9nere
370 843 424 872 an
459 828 572 872 abire
607 842 674 871 me
709 826 861 879 velitis,
898 826 1078 871 clamore
1113 827 1387 885 significate.''
1447 827 1556 873 'hun

235 908 334 937 vero
374 896 520 936 tantus
561 895 627 936 est
667 891 822 936 clamor
862 894 1034 935 exortus
1076 895 1126 935 ut
1166 891 1311 938 hostes
1346 907 1371 937 e
1404 892 1555 938 eastris

172 967 220 1003 10
236 957 418 1002 exciret:
452 956 578 1003 armis
609 955 787 1013 arreptis
814 955 859 1000 in
886 955 1018 1000 aciem
1049 954 1321 1003 descendunt.
1382 955 1441 1002 Et
1468 956 1556 1001 Vo-

235 1020 419 1066 lumnius
451 1020 572 1079 signa
606 1035 754 1065 canere
789 1034 837 1064 ae
871 1019 1023 1065 vexilla
1058 1019 1197 1067 efferri
1232 1020 1380 1066 eastris
1409 1020 1554 1077 jussit.

234 1085 420 1143 Appium
456 1084 726 1129 addubitasse
761 1083 904 1128 ferunt
945 1087 1185 1128 cernentem
1226 1099 1302 1129 seu
1341 1088 1555 1142 pugnante

235 1165 311 1194 seu
339 1149 482 1207 quieto
511 1164 556 1194 se
585 1148 676 1192 fore
706 1147 875 1206 collegae
905 1147 1147 1193 victoriam:
1181 1147 1330 1194 deinde
1360 1149 1554 1203 veritum,

234 1230 288 1259 ne
328 1229 414 1258 suae
455 1228 621 1271 quoque
655 1212 839 1271 legiones
875 1212 1148 1258 Volumnium
1190 1217 1478 1272 sequerentur,
1512 1217 1556 1259 et

171 1286 216 1324 11
235 1279 372 1336 ipsum
410 1277 701 1336 flagitantibus
737 1276 823 1321 suis
860 1277 1028 1334 signum
1063 1276 1241 1323 dedisse.
1301 1277 1370 1322 Ab
1405 1282 1556 1322 neutra

237 1346 358 1400 parte
379 1343 482 1387 satis
504 1341 719 1386 commode
739 1341 938 1386 instructi
965 1341 1163 1386 fuerunt:
1196 1357 1292 1388 nam
1321 1345 1365 1388 et
1394 1343 1556 1387 Samni-

235 1408 342 1452 tium
373 1407 461 1451 dux
491 1407 650 1452 Gellius
677 1406 886 1464 Egnatius
917 1405 1161 1463 pabulatum
1189 1422 1282 1452 cum
1313 1407 1555 1453 cohortibus

235 1471 380 1529 paucis
420 1472 539 1524 ierat,
573 1486 732 1528 suoque
767 1470 929 1528 impetu
963 1471 1097 1529 magis
1132 1471 1287 1517 milites
1324 1487 1450 1530 quam
1484 1486 1556 1517 cu-

231 1537 425 1594 jusquam
465 1535 598 1580 ductu
637 1538 711 1579 aut
750 1535 924 1592 imperio
964 1550 1149 1594 pugnam
1190 1536 1475 1593 capessebant,
1512 1541 1555 1581 et

237 1601 420 1645 Romani
460 1600 670 1645 exercitus
705 1614 783 1644 nec
822 1599 981 1656 pariter
1021 1600 1143 1646 ambo
1179 1599 1297 1646 ducti
1335 1615 1414 1646 nec
1453 1600 1555 1645 satis

236 1664 439 1722 temporis
461 1664 514 1709 ad
534 1663 828 1708 instruendum
856 1663 963 1708 fuit:
996 1666 1113 1722 prius
1141 1665 1355 1710 concurrit
1384 1664 1556 1709 Volum-

235 1729 331 1774 nius
354 1744 478 1787 quam
498 1728 663 1786 Appius
685 1727 739 1773 ad
757 1728 923 1773 hostem
951 1729 1213 1786 perveniret:
1246 1729 1390 1787 itaque
1416 1729 1556 1775 fronte

235 1793 432 1852 inaequali
453 1807 703 1837 concursum
725 1796 802 1845 est,
826 1797 870 1836 et
890 1792 1007 1837 velut
1028 1793 1139 1839 forte
1160 1793 1337 1852 quadam
1365 1796 1556 1839 mutante

237 1858 438 1903 adsuetos
458 1858 569 1902 inter
589 1873 634 1902 se
661 1857 805 1903 hostes
826 1857 1000 1904 Etrusci
1026 1858 1267 1911 Volumnio,
1292 1858 1558 1904 Samnites—

236 1937 462 1980 parumper
492 1922 679 1967 cunctati
709 1922 807 1980 quia
835 1921 922 1967 dux
952 1922 1295 1981 aberat—Appio
1324 1937 1554 1968 occurrere.

174 1995 222 2034 12
238 1987 408 2032 Dicitur
428 1987 593 2045 Appius
614 1987 658 2031 in
679 1986 814 2030 medio
836 2002 988 2044 pugnae
1017 1987 1265 2040 discrimine,
1288 1987 1349 2032 ita
1367 1991 1417 2031 ut
1446 1987 1558 2032 inter

238 2052 372 2110 prima
399 2051 519 2109 signa
545 2050 736 2096 manibus
763 2050 817 2095 ad
846 2051 997 2096 coelum
1027 2052 1203 2097 sublatis
1233 2051 1556 2109 conspiceretur,

239 2117 299 2160 ita
334 2120 528 2173 precatus
563 2131 656 2162 esse
693 2120 718 2138 “
731 2115 917 2169 Bellona,
954 2116 991 2162 si
1025 2116 1148 2162 hodie
1181 2115 1300 2162 nobis
1340 2115 1557 2161 victorium

175 2191 225 2229 13
242 2179 347 2233 duis,
390 2185 455 2225 ast
496 2195 575 2237 ego
614 2180 694 2226 tibi
733 2180 936 2238 templum
977 2181 1149 2227 voveo.'’
1216 2180 1323 2227 Haec
1362 2185 1557 2238 precatus

242 2243 357 2293 velut
387 2244 617 2304 instigante
653 2245 731 2293 dea
765 2250 808 2291 et
840 2245 929 2306 ipse
959 2245 1127 2305 collegae
1157 2249 1200 2291 et
1231 2245 1441 2292 exercitus
1475 2245 1558 2293 vir·
