1649 2452
548 95 658 136 LIB.
688 93 788 134 VII.
811 96 876 141 14,
902 94 959 133 15.
1329 93 1404 133 441

87 151 299 239 21ss2?ss
330 194 428 238 aute
466 193 600 251 prima
635 193 779 252 signa!
812 191 956 250 ecquis
986 193 1233 250 sequeretur
1260 205 1407 235 eorum

87 259 160 316 qui
178 257 302 303 modo
329 257 499 302 ducturi
526 257 698 311 fuerint,
720 258 765 302 in
789 257 939 302 castris
967 256 1126 301 feroces
1147 255 1192 299 in
1219 255 1307 300 acie
1334 270 1406 312 pa·

86 321 204 367 vidi?
232 337 334 368 vera
352 321 591 377 audiebant,
612 323 756 380 itaque
777 327 922 366 tantos
952 319 1307 379 pudor-stimulos
1334 319 1406 363 ad-

84 388 230 442 movit,
251 392 302 433 ut
328 392 501 434 ruerent
528 389 574 433 in
603 388 790 432 hostium
821 388 909 433 tela
937 387 1128 432 alienatis
1156 401 1179 431 a
1207 385 1407 430 memoria

85 453 259 510 periculi
279 453 442 498 animis.
504 453 592 498 Hic
612 453 747 510 primo
778 453 962 510 impetus
982 467 1114 510 prope
1141 465 1287 495 vecors
1314 454 1406 494 tur-

86 516 201 561 bavit
234 517 392 570 hostes,
427 532 556 575 eques
593 516 741 561 deinde
782 517 961 561 emissus
1001 515 1195 560 turbatos
1237 515 1404 559 avertit.

84 580 185 639 Ipse
204 581 399 636 dictator,
416 586 640 640 postquam
657 581 867 626 labantem
888 597 973 626 una
993 586 1112 639 parte
1133 579 1239 624 vidit
1260 581 1404 633 aciem,
1419 592 1442 628 2

84 646 205 704 signa
237 646 283 690 in
320 645 471 691 laevum
509 661 642 690 cornu
676 645 852 698 confert,
890 661 974 704 quo
1013 645 1180 690 turbam
1220 644 1405 688 hostium

84 711 332 769 congregari
360 709 570 764 cernebat,
591 716 635 754 et
662 710 714 754 iis
744 710 815 768 qui
842 711 887 754 in
915 715 1057 755 monte
1087 712 1206 754 erant
1237 709 1404 768 signum

32 789 36 793 ·
85 775 195 832 quod
218 779 471 820 convenerat
495 774 625 819 dedit.
677 774 766 819 Ubi
785 774 883 819 inde
905 790 1071 833 quoque
1091 789 1226 818 novus
1248 774 1403 818 clamor
1418 783 1440 819 3

84 847 204 884 ortus
224 842 268 884 et
287 839 461 884 tendere
481 838 651 897 obliquo
672 843 814 883 monte
835 839 888 883 ad
915 844 1053 883 castra
1081 839 1294 883 Gallorum
1324 839 1404 883 visi

84 908 200 957 sunt,
236 908 330 948 tum
369 907 487 948 metu
521 918 575 948 ne
610 902 934 948 excluderentur
973 904 1128 948 omissa
1161 918 1303 961 pugna
1337 907 1403 948 est

84 983 295 1027 cursuque
325 969 458 1013 effuso
487 967 540 1012 ad
569 973 710 1012 castra
739 967 994 1012 ferebantur.
1056 967 1144 1013 Ubi
1175 983 1303 1026 quum
1335 983 1402 1012 oc·
1416 976 1441 1012 4

83 1032 285 1078 currisset
306 1033 366 1077 eis
393 1033 457 1077 M.
480 1031 677 1077 Valerius
706 1032 908 1091 magister
935 1034 1137 1091 equitum,
1162 1032 1235 1091 qui
1262 1033 1403 1090 profli-

83 1100 184 1155 gato
205 1096 354 1142 dextro
375 1111 506 1142 cornu
527 1096 799 1155 obequitabat
827 1097 1013 1142 hostium
1041 1097 1326 1150 munimentis,
1351 1097 1404 1141 ad

82 1165 249 1206 montes
270 1162 479 1220 silvasque
499 1165 673 1207 vertunt
694 1161 850 1219 fugam,
870 1162 1120 1221 plurimique
1140 1161 1199 1207 ibi
1220 1177 1244 1206 a
1265 1162 1404 1206 fallaci

84 1226 276 1284 equitum
296 1228 433 1285 specie
455 1226 794 1285 agasonibusque
815 1227 982 1284 excepti
1008 1231 1109 1271 sunt
1128 1243 1137 1271 :
1169 1231 1212 1272 et
1243 1242 1400 1280 eorum,

84 1305 189 1349 quos
210 1306 339 1349 pavor
359 1291 594 1349 perculerat
614 1291 657 1335 in
687 1291 825 1346 silvas,
846 1296 969 1336 atrox
997 1291 1130 1336 caedes
1159 1296 1255 1349 post
1285 1291 1403 1336 seda-

82 1358 175 1400 tum
206 1355 397 1413 proelium
431 1356 526 1400 fuit.
588 1355 681 1400 Nec
714 1355 819 1400 alius
856 1360 952 1414 post
983 1356 1046 1400 M.
1070 1356 1246 1400 Furium
1277 1367 1438 1415 quam5

84 1419 132 1464 C.
157 1419 366 1478 Sulpicius
381 1420 607 1476 justiorem
634 1420 686 1465 de
715 1421 845 1464 Gallis
873 1421 961 1479 egit
989 1419 1276 1478 triumphum:
1311 1421 1402 1464 auri

83 1499 249 1542 quoque
280 1499 333 1529 ex
363 1484 532 1529 Gallicis
564 1485 706 1543 spoliis
738 1477 841 1529 satis
871 1500 1071 1543 magnum
1104 1485 1266 1543 pondus
1299 1500 1400 1529 saxo

83 1549 287 1607 quadrato
322 1553 502 1607 saeptum
530 1549 577 1593 in
606 1548 814 1606 Capitolio
845 1550 1036 1594 sacravit.
1097 1549 1257 1594 Eodem
1294 1558 1438 1595 ann06

83 1617 128 1658 et
147 1629 173 1658 a
198 1613 439 1659 consulibus
466 1616 583 1658 vario
610 1618 765 1658 eventu
795 1614 1024 1659 bellatum:
1054 1630 1151 1658 nam
1180 1614 1354 1659 Hernici
1377 1629 1402 1658 a

84 1677 133 1722 C.
155 1678 324 1723 Plautio
352 1677 507 1723 devicti
531 1677 778 1736 subactique
806 1683 920 1732 sunt,
944 1679 1099 1723 Fabius
1129 1678 1288 1736 collega
1308 1681 1400 1734 ejus

83 1742 252 1788 incaute
278 1747 406 1801 atque
438 1742 675 1787 inconsulte
712 1742 912 1788 adversus
944 1743 1267 1801 Tarquinienses
1298 1758 1400 1801 pug-

84 1807 212 1852 navit.
273 1807 367 1852 Nec
395 1807 441 1851 in
471 1808 559 1852 acie
588 1811 757 1851 tantum
785 1807 845 1852 ibi
874 1807 1002 1852 cladis
1029 1812 1247 1865 acceptum
1275 1823 1399 1866 quam
1414 1815 1436 1855 7

85 1871 197 1931 quod
230 1875 444 1917 trecentos
477 1876 640 1930 septem
681 1871 835 1916 milites
871 1871 1083 1915 Romanos
1119 1876 1265 1929 captos
1297 1871 1400 1916 Tar-

85 1936 323 1994 quinienses
349 1936 632 1991 immolarunt,
653 1951 736 1995 qua
756 1935 945 1980 foeditate
966 1936 1159 1993 supplicii
1186 1935 1398 1994 aliquanto

84 2000 313 2059 ignominia
338 2000 482 2058 populi
510 2000 691 2044 Romani
718 2000 958 2058 insignitior
978 2000 1072 2044 fuit.
1132 2001 1324 2045 Accessit
1346 2001 1433 2047 ads

86 2080 175 2109 eam
196 2064 356 2110 cladem
383 2069 427 2109 et
447 2065 629 2109 vastatio
658 2065 839 2109 Romani
859 2065 961 2122 agri,
985 2079 1108 2123 quam
1129 2065 1397 2111 Privernates

86 2128 295 2174 Veliterni
329 2128 480 2174 deinde
518 2129 757 2174 incursione
796 2128 1016 2186 repentina
1053 2129 1257 2174 fecerunt.
1316 2131 1397 2175 Eo-
1410 2139 1434 2178 9

88 2191 185 2238 dem
221 2208 331 2238 anno
369 2193 464 2238 duae
493 2193 630 2238 tribus
670 2193 896 2251 Pomptina
934 2196 979 2237 et
1013 2193 1194 2238 Publilia
1233 2193 1395 2240 additae.

89 2256 204 2304 Ludi
232 2257 380 2313 votivi,
411 2272 517 2318 quos
554 2257 620 2305 M.
640 2258 796 2304 Furius
835 2257 1019 2304 dictator
1054 2262 1241 2316 voverat,
1281 2259 1396 2306 facti.
1412 2269 1461 2308 10
