1649 2452
210 75 287 113 512
521 83 566 121 Τ.
599 82 748 122 LIVII
778 75 1199 118 HISTORIARUM
1312 127 1358 166 [A
1387 127 1414 159 c
1443 127 1505 160 323

204 180 403 211 canorum
437 167 668 212 comminus
698 182 948 226 congressus
979 168 1217 220 obtruncat,
1250 167 1520 213 contrahens-

205 245 286 288 que
325 247 424 276 suos
465 247 518 276 ex
551 232 654 290 fuga
687 232 850 290 palatos
885 233 1076 291 pervenit
1108 232 1162 276 ad
1190 247 1354 276 amnem
1386 232 1520 277 ruinis

204 295 445 340 recentibus
475 296 629 353 pontis,
661 311 786 354 quem
815 296 879 341 vis
914 312 1032 356 aquae
1064 295 1308 350 abstulerat,
1337 295 1522 341 indican-

165 366 189 404 8
205 363 292 404 tem
321 360 414 404 iter.
477 359 616 408 Quem
643 375 774 417 quum
800 360 961 405 incerto
991 361 1097 404 vado
1127 360 1325 404 transiret
1355 375 1519 418 agmen,

205 422 343 467 fessus
374 426 492 468 metu
522 438 570 467 ac
600 423 741 468 labore
774 424 894 469 miles
923 425 1142 482 increpans
1172 439 1326 468 nomen
1365 423 1522 468 abomi-

164 495 188 533 9
204 489 389 531 nandum
409 487 593 531 fluminis
612 489 637 511 “
650 488 682 532 J
685 503 758 532 ure
774 488 963 533 Acheros
978 489 1168 532 vocaris'’
1189 488 1339 546 inquit.
1392 487 1522 536 Quod

205 550 279 596 ubi
315 551 367 595 ad
403 566 524 595 aures
557 551 707 596 accidit
746 553 871 610 regis,
903 552 1054 610 adjecit
1092 552 1302 610 extemplo
1337 551 1522 596 animum

143 623 190 661 10
205 615 304 660 fatis
335 615 423 659 suis
455 614 730 674 substititque
770 616 922 661 dubius
953 632 1007 660 an
1036 616 1249 660 transiret.
1310 615 1419 659 Tum
1450 616 1523 660 So-

205 681 335 726 timus
365 681 557 726 minister
587 697 640 725 ex
674 682 800 739 regiis
831 682 984 740 pueris,
1019 681 1118 740 quid
1149 682 1193 725 in
1221 686 1342 725 tanto
1378 681 1523 726 discri-

205 745 316 789 mine
346 745 520 802 periculi
547 749 818 790 cunctaretur
843 746 1121 804 interrogans,
1143 745 1299 790 indicat
1326 745 1522 790 Lucanos

141 815 187 852 11
206 809 366 853 insidiis
395 824 580 866 quaerere
600 809 750 854 locum.
811 810 939 858 Quod
965 810 1038 854 ubi
1058 810 1244 867 respexit
1275 824 1350 853 rex
1377 809 1523 867 procul

206 889 335 932 grege
362 873 474 917 sacto
495 874 723 927 venientes,
754 874 926 933 stringit
953 874 1140 933 gladium
1167 879 1210 918 et
1239 889 1312 932 per
1340 873 1523 917 medium

206 953 367 982 amnem
390 938 642 982 transmittit
663 954 816 996 equum
837 955 846 983 ε
873 939 1042 996 jamque
1063 939 1107 982 in
1127 937 1278 981 vadum
1308 952 1523 995 egressum

207 1002 370 1046 eminus
391 1005 563 1046 verruto
584 1002 784 1046 Lucanus
815 1003 936 1047 exsul
961 1002 1173 1060 transfigit
1193 1018 1202 1045 :
1234 1001 1398 1060 lapsum
1425 1000 1523 1046 inde

206 1081 302 1111 cum
332 1066 561 1110 inhaerente
591 1066 676 1111 telo
712 1082 864 1125 corpus
901 1067 1090 1112 exanime
1126 1065 1278 1110 detulit
1314 1065 1446 1110 amnis
1480 1065 1525 1109 in

144 1138 190 1176 12
205 1131 392 1176 hostium
423 1129 631 1188 praesidia.
693 1131 759 1175 Ibi
797 1131 908 1175 foeda
939 1131 1136 1175 laceratio
1169 1130 1354 1188 corporis
1389 1130 1522 1174 facta:

207 1210 385 1254 namque
405 1195 579 1252 praeciso
600 1194 736 1239 medio
758 1199 918 1253 partem
943 1195 1213 1240 Consentiam
1241 1194 1404 1245 misere,
1427 1208 1524 1251 pars

205 1260 307 1318 ipsis
328 1263 494 1304 retenta
514 1258 567 1302 ad
586 1258 838 1304 ludibrium:
872 1275 964 1317 quae
997 1275 1125 1317 quum
1149 1258 1299 1315 jaculis
1328 1257 1526 1315 saxisque

206 1323 352 1382 procul
381 1323 674 1378 incesseretur,
705 1324 855 1368 mulier
885 1339 970 1368 una
998 1323 1111 1367 ultra
1140 1323 1417 1366 humanarum
1445 1321 1526 1365 ira·

206 1404 300 1433 rum
331 1387 453 1432 fidem
483 1387 672 1431 saevienti
701 1387 837 1433 turbae
867 1388 1071 1442 immixta,
1099 1391 1149 1431 ut
1179 1401 1404 1445 parumper
1434 1401 1527 1430 sus·

206 1453 404 1506 tinerent,
425 1455 596 1508 precata
615 1452 719 1495 flens
749 1452 806 1496 ait
837 1453 974 1496 virum
1003 1452 1084 1496 sibi
1114 1451 1350 1508 liberosque
1380 1454 1525 1508 captos

208 1516 319 1575 apud
340 1516 484 1560 hostes
506 1531 610 1568 esse,
634 1531 801 1574 sperare
822 1532 996 1575 corpore
1016 1517 1133 1574 regio
1160 1520 1391 1573 utcumque
1418 1514 1527 1558 mul-

145 1589 192 1626 13
208 1585 302 1626 cato
338 1595 383 1624 se
419 1594 518 1623 suos
559 1578 884 1637 redempturam.
947 1581 993 1625 Is
1027 1580 1121 1624 finis
1162 1578 1404 1624 lacerationi
1443 1578 1526 1622 fuit

209 1644 506 1703 sepultumque
548 1643 801 1697 Consentiae,
845 1645 958 1703 quod
999 1644 1280 1689 membrorum
1318 1642 1525 1700 reliquum

208 1710 303 1763 fuit,
327 1723 428 1753 cura
447 1707 633 1752 mulieris
654 1709 792 1762 unius,
816 1724 995 1768 ossaque
1022 1709 1321 1765 Metapontum
1352 1706 1405 1750 ad
1431 1707 1527 1751 hos·

208 1778 275 1819 tes
305 1773 491 1827 remissa,
519 1772 617 1817 inde
647 1772 822 1830 Epirum
856 1773 1030 1818 devecta
1057 1773 1110 1817 ad
1131 1772 1396 1829 Cleopatram
1424 1786 1526 1815 uxo-

209 1854 298 1883 rem
338 1852 608 1895 sororemque
648 1837 951 1895 Olympiadem,
994 1852 1168 1896 quarum
1209 1840 1343 1879 mater
1387 1836 1528 1891 magni

147 1912 194 1949 14
211 1901 440 1947 Alexandri
470 1901 601 1945 altera
630 1916 747 1946 soror
775 1902 906 1947 altera
926 1902 1020 1946 fuit.
1083 1902 1191 1944 Haec
1219 1899 1271 1944 de
1298 1899 1527 1944 Alexandri

211 1967 427 2025 Epirensis
458 1965 573 2010 tristi
603 1970 770 2021 eventu,
800 1981 1050 2025 quamquam
1080 1965 1273 2009 Romano
1304 1963 1412 2008 bello
1443 1964 1528 2008 for-

211 2036 316 2076 tuna
343 2047 439 2075 eum
471 2030 687 2085 abstinuit,
715 2035 870 2085 tamen,
895 2032 993 2088 quia
1021 2031 1065 2075 in
1094 2028 1221 2074 Italia
1246 2027 1355 2073 bella
1381 2029 1526 2085 gessit,

213 2095 357 2154 paucis
380 2095 534 2139 dixisse
557 2096 660 2139 satis
683 2095 750 2140 sit.

95 2165 202 2218 (25)
272 2159 433 2204 Eodem
462 2174 569 2203 anno
597 2159 903 2205 lectisternium
932 2157 1287 2216 Romae—quinto
1308 2160 1404 2215 post
1432 2171 1528 2201 con-

215 2223 346 2274 datam
384 2223 724 2272 urbem-isdem
757 2224 909 2287 quibus
951 2233 1048 2273 ante
1087 2221 1299 2287 placandis
1339 2220 1529 2270 habitum
