1649 2452
531 119 641 159 LIB.
670 118 770 158 v11.
803 121 865 164 11,
889 120 949 157 12.
1314 117 1395 158 43⁷

0 185 3 235 l
78 171 402 270 ssibffigiffiuam
440 213 559 258 urbi:
606 213 892 273 populabundi
931 212 1257 271 Tarquinienses
1290 211 1396 255 fines

79 275 294 322 Romanos
313 277 492 322 maxime
513 293 596 336 qua
623 293 677 323 ex
704 283 825 337 parte
844 278 1061 324 Etruriam
1082 277 1275 336 adjacent
1302 291 1398 334 per-

81 356 296 399 agravere,
330 341 538 400 rebusque
567 343 820 402 nequiquam
852 343 1046 402 repetitis
1074 342 1176 388 novi
1203 339 1398 387 consules

82 405 130 450 C.
152 404 307 450 Fabius
335 409 378 450 et
406 405 455 450 C.
477 407 671 452 Plautius
695 408 819 465 jussu
845 407 995 466 populi
1013 406 1170 452 bellum
1194 405 1399 459 indixere,

81 468 295 528 Fabioque
315 485 366 514 ea
379 471 603 528 provincia,
627 471 795 516 Plautio
816 471 993 517 Hernici
1012 486 1200 516 evenere.
1252 468 1436 515 Gallicis

83 549 248 592 quoque
287 534 386 579 belli
426 535 536 579 fama
575 536 934 581 increbrescebat.
926 552 935 561 ·
981 535 1055 581 sed
1094 536 1206 580 iuter
1244 534 1401 578 multos

83 602 265 643 terrores
306 599 455 643 solatio
496 599 578 643 fuit
619 615 701 657 pax
739 600 906 645 Latinis
945 599 1189 659 petentibus
1225 598 1324 644 data
1358 601 1403 643 et

83 677 236 721 magna
255 663 318 707 vis
339 663 519 707 militum
539 664 591 708 ab
611 664 677 708 his
699 680 751 709 ex
771 664 925 710 foedere
946 668 1130 719 vetusto,
1158 663 1271 722 quod
1297 662 1404 707 mul-

84 727 141 771 tis
168 727 480 772 intermiserant
510 728 643 780 anniS‚
675 733 857 787 accepta.
920 730 1020 778 Quo
1049 728 1242 788 praesidio
1272 733 1439 787 quum?

85 790 194 835 fulta
222 807 290 836 res
321 792 515 836 Romana
548 796 673 844 esset,
708 793 842 838 levius
874 793 956 838 fuit
987 793 1099 852 quod
1129 792 1270 838 Gallos
1304 807 1404 837 mox

86 855 303 901 Praeueste
333 856 496 901 venisse
531 861 658 915 atque
692 857 788 902 inde
823 858 934 902 circa
967 858 1130 903 Pedum
1165 856 1404 903 consedisse

88 920 279 965 auditum
319 925 397 966 est.
459 921 722 966 Dictatorem
757 921 837 967 diei
879 922 926 967 C.
951 923 1181 980 Sulpicium
1219 922 1441 981 placuit:8

89 985 235 1029 consul
255 985 308 1030 ad
328 985 372 1030 id
387 986 545 1030 accitus
562 986 610 1030 C.
628 986 822 1030 Plautius
839 986 967 1031 dixit:
998 988 1201 1046 magister
1215 987 1408 1045 equitum

89 1049 287 1095 dictatori
321 1049 488 1094 additus
523 1050 587 1095 M.
610 1050 830 1095 Valerius:
862 1051 907 1095 hi
945 1051 1096 1096 robora
1134 1051 1315 1096 militum
1354 1065 1409 1095 ex

91 1113 255 1159 duobus
282 1114 571 1159 consularibus
600 1115 853 1160 exercitibus
881 1115 1015 1161 electa
1042 1115 1241 1161 adversus
1267 1115 1411 1160 Gallos

92 1178 317 1224 duxerunt.
390 1179 569 1223 Lentius
609 1179 654 1223 id
693 1179 907 1237 aliquanto
948 1180 1104 1226 bellum
1139 1196 1264 1239 quam
1297 1179 1448 1239 parti9

91 1244 261 1302 utrique
282 1243 472 1301 placebat
493 1243 588 1288 fuit.
650 1244 795 1292 Quum
822 1245 956 1303 primo
979 1245 1087 1290 Galli
1113 1249 1281 1290 tautum
1302 1243 1413 1289 avidi
1426 1248 1477 1286 10

93 1308 332 1353 certaminis
362 1308 555 1360 fuissent,
588 1308 738 1353 deinde
768 1309 987 1354 Romanus
1022 1310 1141 1354 miles
1177 1308 1337 1354 ruendo
1367 1309 1414 1353 in

95 1387 211 1416 arma
244 1387 293 1417 ac
327 1371 632 1417 dimicationem
677 1373 937 1431 aliquantum
979 1374 1180 1418 Gallicam
1214 1373 1415 1418 ferociam

94 1437 294 1490 vinceret,
336 1436 533 1481 dictatori
572 1438 818 1495 neutiquam
857 1438 1061 1496 placebat,
1100 1437 1265 1497 quando
1299 1437 1416 1482 nulla

96 1506 266 1560 cogeret
295 1517 376 1554 res,
408 1501 589 1546 fortunae
624 1518 669 1546 se
705 1502 968 1548 committere
1003 1502 1204 1548 adversus
1238 1503 1416 1556 hostem,

97 1581 219 1624 quem
249 1569 417 1623 tempus
448 1565 730 1611 deteriorem
718 1582 763 1610 111
790 1566 878 1611 dies
899 1571 943 1612 et
970 1567 1073 1612 locis
1095 1567 1239 1612 alienis
1259 1567 1417 1612 faceret

98 1631 188 1676 sine
209 1636 441 1689 praeparato
462 1635 698 1675 commeatu
717 1631 806 1675 51118
827 1631 946 1676 firm0
973 1632 1234 1676 munimento
1254 1646 1420 1676 moran-

98 1699 200 1746 tem,
221 1695 274 1739 ad
293 1694 373 1739 hoc
394 1694 460 1738 1115
482 1694 726 1752 corporibus
747 1695 990 1753 animisque,
1021 1711 1200 1754 quorum
1220 1695 1356 1740 omnis
1375 1695 1422 1739 in

99 1760 263 1818 impetu
282 1759 346 1803 vis
374 1762 499 1813 esset,
519 1773 650 1816 parva
669 1758 814 1804 eadem
834 1759 1125 1818 languesceret
1150 1775 1277 1804 mora.
1336 1759 1421 1804 His
1437 1759 1484 1798 ll

78 1823 285 1869 ·consiliis
321 1823 502 1868 dictator
532 1822 686 1867 bellum
721 1822 917 1868 trahebat
949 1839 1203 1882 gravemque
1233 1823 1422 1868 edixerat

102 1903 279 1946 poenam,
311 1888 348 1932 si
377 1887 470 1946 quis
498 1887 664 1944 injussu
690 1887 736 1931 in
761 1887 926 1932 hostem
952 1889 1197 1947 pugnasset.
1257 1888 1421 1933 Milites
1435 1890 1486 1929 12

103 1968 215 2011 aegre
241 1951 284 1996 id
304 1952 512 2010 patientes
539 1951 672 2009 primo
700 1952 746 1995 111
765 1951 1019 1996 stationibus
1046 1952 1283 2011 vigiliisque
1311 1953 1424 1997 inter

104 2033 151 2063 se
171 2017 418 2062 dictatorem
439 2015 700 2060 sermonibus
721 2030 902 2074 carpere,
920 2016 1132 2061 interdum
1153 2020 1294 2074 patres
1314 2031 1424 2062 com-

106 2081 289 2126 muniter
308 2081 534 2139 increpare,
559 2080 671 2139 quod
690 2095 775 2124 non
786 2081 1011 2138 jussissent
1031 2096 1107 2139 per
1121 2081 1314 2126 consules
1334 2081 1426 2140 geri

106 2144 282 2190 bellum:
314 2145 495 2190 electum
514 2160 607 2189 esse
627 2145 825 2189 eximium
846 2145 1139 2203 imperatorem
1156 2146 1330 2191 unicum
1350 2145 1428 2190 du·

109 2223 212 2265 cem,
232 2209 306 2268 qui
323 2209 429 2254 nihil
448 2209 591 2268 agenti
611 2208 692 2254 sibi
711 2207 763 2253 de
790 2208 893 2253 coelo
914 2207 1201 2255 devolaturam
1218 2210 1265 2255 in
1283 2210 1424 2255 sinum

110 2273 328 2320 victoriam
355 2277 540 2320 censeat.
598 2272 759 2319 Eadem
788 2272 938 2319 deinde
975 2273 1067 2321 haec
1104 2273 1290 2321 interdiu
1328 2289 1425 2333 pro-
1441 2280 1491 2319 13
