1649 2452
190 122 287 160 626<
511 121 556 160 Τ.
587 120 738 159 leu
770 119 1185 158 HISTORIARUM
1311 174 1355 212 [A
1384 173 1411 204 c
1438 174 1511 208 m

189 214 399 259 monentis
419 229 472 259 ne
493 214 676 272 regionis
697 213 787 271 ejus
808 215 968 258 motum
996 212 1277 271 negligerent:
1310 218 1511 271 quattuor

189 282 338 337 gentes
369 279 557 323 conferre
586 292 700 322 arma
727 277 932 322 Etruscos
964 277 1171 322 Samnites
1198 277 1384 323 Umbros
1415 278 1512 324 Gal·

189 342 277 387 los:
307 344 394 401 jam
427 348 566 387 castra
600 342 792 386 bifariam
826 343 938 386 sacta
972 356 1077 394 esse,
1112 342 1211 399 quia
1248 357 1359 387 unus
1393 341 1537 388 locus

149 413 172 452 6
189 422 337 465 capere
357 412 520 451 tautam
542 405 855 450 multitudinem
885 421 969 449 non
998 405 1142 462 possit.
1204 405 1271 450 Ob
1291 406 1381 450 haec
1409 411 1511 451 eta——

183 472 272 529 jam
302 471 527 529 adpetebat
567 470 1060 529 tempus—comitiorum
1095 485 1223 514 causa
1261 470 1313 515 L.
1335 470 1511 516 Volum-

187 536 282 580 nius
305 536 451 581 consul
473 536 651 580 Romam
672 538 908 589 revocatuS,
929 534 1002 593 qui
1026 533 1267 592 priusquam
1291 535 1343 579 ad
1365 535 1511 580 suffra·

186 600 300 658 gium
335 600 546 644 centurias
567 603 750 652 vocaret,
773 599 817 643 in
849 598 1092 643 concionem
1120 598 1324 644 advocato
1354 599 1509 658 populo

185 664 320 709 multa
341 664 391 708 de
412 663 702 722 magnitudine
723 663 822 708 belli
849 663 1021 707 Etrusci
1052 662 1280 708 disseruit:
1308 663 1395 721 jam
1415 668 1507 709 tu'm

187 744 314 784 quum
344 729 434 786 ipse
462 728 521 773 ibi
549 728 834 785 cum-collega
860 742 949 771 rem
980 727 1138 785 pariter
1164 728 1357 785 gesserit,
1379 727 1509 774 fuisse

186 796 354 836 tantum
381 792 536 851 bellum
567 796 617 837 ut
644 807 723 837 nec
751 791 857 836 duce
885 805 970 835 uno
999 805 1077 836 nec
1104 792 1294 836 exercitu
1321 791 1411 850 geri
1437 807 1508 850 po·

190 857 331 909 tuerit,
370 857 595 902 accessisse
635 860 732 914 post
773 871 822 900 ea
861 855 944 900 dici
983 855 1168 900 Umbros
1210 859 1253 900 et
1292 856 1508 913 ingentem
1584 905 1591 910 ἧ

189 922 420 966 exercitum
451 921 689 966 Gallorum:
723 921 922 965 adversus
945 924 1147 978 quattuor
1174 919 1349 978 populos
1380 919 1507 966 duces

189 987 380 1032 consules
401 987 472 1032 illo
494 987 561 1032 die
589 987 715 1045 deligi
741 987 1055 1031 meminissent:
1089 1001 1146 1039 se,
1170 986 1250 1030 nisi
1281 985 1507 1032 consideret

189 1068 283 1096 eum
312 1067 521 1097 consensu
549 1052 691 1111 populi
719 1051 901 1096 Romani
928 1050 1142 1096 consulem
1170 1050 1426 1095 declaratum
1455 1051 1507 1098 iri

190 1117 261 1173 qui
288 1116 401 1161 haud
426 1117 550 1162 dubie
581 1121 673 1161 tum
704 1117 863 1174 primus
894 1115 1080 1160 omnium
1111 1114 1261 1159 ductor
1291 1115 1506 1171 habeatur,

63 1181 171 1234 (22)
191 1180 435 1225 dictatorem
458 1181 587 1226 fuisse
608 1181 818 1239 extemplo
847 1180 1070 1225 dicturum.
1134 1179 1307 1224 Nemini
1333 1179 1506 1233 dubium

189 1252 279 1290 crat
309 1246 410 1304 quin
429 1245 585 1290 Fabius
614 1245 806 1303 quintum
837 1245 1021 1289 omnium
1047 1259 1254 1289 consensu
1281 1243 1506 1290 destinare-

187 1314 270 1362 tur,
305 1325 483 1368 eumque
525 1313 567 1354 et
607 1309 885 1367 praerogativa
925 1312 967 1353 et
1007 1308 1141 1366 primo
1171 1312 1330 1354 vocatae
1361 1323 1506 1354 omnes

147 1380 170 1416 2
188 1375 387 1418 centuriae
416 1373 629 1418 consulem
660 1389 755 1418 oum
787 1373 837 1417 L.
861 1373 1090 1417 Volumnio
1121 1372 1326 1418 dicebant.
1387 1372 1507 1418 Fabii

187 1439 320 1482 oratio
351 1438 433 1482 fuit
465 1438 597 1497 qualis
637 1437 805 1482 biennio
847 1441 957 1489 aute,
990 1436 1151 1490 deinde,
1182 1440 1232 1481 ut
1262 1436 1507 1483 vincebatur

185 1518 406 1558 consensu,
428 1518 548 1547 versa
578 1507 790 1560 postremo
819 1501 871 1545 ad
900 1501 1101 1559 collegam
1131 1501 1180 1546 P.
1202 1501 1380 1546 Decium
1412 1516 1508 1559 pos-

186 1567 389 1611 cendum:
433 1567 476 1611 id
504 1567 714 1612 senectuti
745 1582 830 1610 suae
859 1565 1156 1610 adminiculum
1184 1566 1298 1610 fore:
1330 1579 1508 1612 censura

186 1631 433 1690 duobusque
461 1630 749 1676 consulatibus
778 1629 902 1674 simul
929 1630 1062 1688 gestis
1090 1634 1310 1687 expertum
1338 1645 1383 1676 se
1403 1630 1507 1677 nihil

185 1695 381 1741 concordi
420 1695 595 1753 collegio
636 1694 795 1739 firmius
837 1693 890 1738 ad
929 1709 1018 1738 rem
1059 1693 1267 1752 publicam
1306 1694 1505 1740 tuendam

185 1775 302 1805 esse:
332 1775 441 1805 novo
471 1759 636 1818 imperii
675 1759 788 1804 socio
819 1758 890 1802 vix
925 1758 1012 1816 jam
1048 1758 1294 1804 adsuescere
1334 1758 1502 1804 senilem

185 1825 368 1870 animum
395 1840 530 1882 posse,
554 1839 649 1869 cum
678 1823 863 1867 moribus
891 1823 1003 1867 notis
1024 1822 1187 1868 facilius
1215 1838 1260 1868 se
1280 1823 1505 1868 communi·

143 1902 164 1935 3
183 1894 376 1934 caturum
397 1889 579 1934 consilia.
627 1887 885 1945 Subscripsit
901 1887 1081 1932 orationi
1102 1888 1194 1946 ejus
1214 1887 1360 1933 consul
1375 1902 1505 1945 quum

182 1955 342 1999 meritis
372 1954 422 1999 P.
445 1954 567 1998 Decii
601 1951 795 1997 laudibus
831 1956 923 1996 tum
954 1967 1046 2010 quae
1077 1967 1130 1997 ex
1159 1950 1380 1998 concordia
1408 1965 1504 1997 con·

183 2019 320 2064 sulum
350 2019 461 2064 bona
490 2033 664 2077 quaeque
695 2033 748 2062 ex
783 2016 991 2062 discordia
1021 2017 1129 2061 mala
1157 2016 1202 2061 in
1240 2015 1504 2062 administra-

181 2084 297 2128 tione
337 2099 475 2128 rerum
517 2082 760 2128 militarium
801 2081 1017 2126 evenirent
1055 2080 1336 2135 memorandO,
1378 2095 1502 2138 quam

182 2163 311 2206 prope
339 2147 535 2192 ultimum
564 2146 788 2192 discrimen
818 2145 906 2190 suis
934 2149 978 2190 et
1008 2144 1178 2203 collegae
1204 2143 1502 2190 certaminibus

181 2226 317 2270 nuper
346 2218 519 2257 ventum
551 2211 675 2267 foret,
706 2214 749 2256 et
784 2208 990 2255 monendo
1021 2208 1202 2256 Decium
1240 2207 1502 2267 Fabiumque

181 2283 231 2333 ut
270 2290 355 2333 uno
396 2277 533 2335 auimo
573 2290 658 2337 una
696 2277 837 2342 mento
870 2274 1087 2336 viverentz
1128 2287 1222 2345 9⁵⁸0
1259 2276 1414 2358 praeter
1452 2287 1503 2349 ,⁹9
