1649 2452
232 80 310 118 542
429 125 435 131 ·
544 78 588 117 T.
621 77 771 118 LIVII
802 78 1225 120 HISTORIARUM
1355 130 1415 175 [A
1431 132 1471 166 c
1485 132 1547 167 ⁸18

114 202 130 210 „
144 184 162 207 -1
244 185 413 216 sensum
446 169 491 215 in
523 186 688 217 omnem
721 171 899 217 formam
933 172 1074 218 luctus
1107 176 1202 218 est:
1232 172 1418 219 tabernae
1449 174 1558 223 circa

243 235 380 279 forum
411 234 561 280 clausae
585 235 884 293 justitiumque
911 236 955 280 in
981 236 1072 281 foro
1101 253 1177 281 sua
1205 241 1354 295 sponte
1375 241 1559 296 coeptum

242 299 358 356 prius
380 314 503 355 quam
525 299 741 352 indictum,
759 299 834 344 lati
854 300 971 355 clavi,
989 301 1130 344 annuli
1150 302 1264 346 aurei
1285 301 1423 358 positi,
1439 317 1558 360 paene

241 363 425 408 maestior
455 364 642 407 exercitu
670 364 762 421 ipso
793 364 939 409 civitas
970 379 1073 418 esse,
1106 380 1185 410 nec
1215 365 1391 410 ducibus
1424 366 1557 410 solum

242 430 368 485 atque
403 426 643 472 auctoribus
679 428 1034 486 sponsoribusque
1073 428 1188 487 pacis
1227 429 1349 474 irasci
1384 429 1458 474 sed
1496 430 1559 474 in-

241 490 387 534 noxios
408 490 534 534 etiam
561 491 714 536 milites
743 491 880 536 odisse
906 495 948 536 et
975 507 1130 551 negare
1155 492 1260 537 urbe
1287 494 1464 538 tectisve
1491 509 1558 539 ac-

202 554 464 612 4cipiend08.
527 554 666 603 Quam
702 556 1021 600 concitationem
1059 557 1290 601 animorum
1324 557 1452 616 fregit
1487 557 1558 603 ad-

239 622 391 663 ventus
431 619 640 663 exercitus
681 619 807 664 etiam
847 620 966 664 iratis
1006 620 1280 665 miserabilis:
1322 636 1407 665 non
1447 621 1556 666 enim

238 683 482 740 tamquam
470 698 515 727 in
541 683 718 740 patriam
740 687 996 728 revertentes
1018 700 1069 728 ex
1097 684 1309 756 insperato
1329 684 1556 730 incolumes

238 746 312 790 sed
342 750 558 805 captorum
589 747 737 792 habitu
765 748 971 806 vultuque
1000 748 1182 806 ingressi
1212 763 1305 793 sero
1334 749 1380 793 in
1409 749 1556 794 urbem

236 811 298 855 ita
336 826 381 856 se
415 811 460 856 in
494 812 580 856 suis
622 812 798 870 quisque
838 813 963 858 tectis
999 812 1262 868 abdiderunt,
1297 816 1346 857 ut
1387 818 1555 871 postero

236 878 362 934 atque
382 876 700 950 insequentibus
722 877 868 922 diebus
884 892 1006 921 nemo
1027 892 1170 921 eorum
1193 876 1332 921 forum
1355 882 1428 921 aut
1449 877 1556 936 pub-

198 939 360 985 5licum
385 941 569 999 aspicere
596 941 733 986 vellet.
797 941 1001 986 Consules
1033 941 1078 985 in
1099 941 1263 999 privato
1293 941 1424 986 abditi
1451 942 1556 988 nihil

233 1019 310 1062 pro
330 1005 582 1064 magistratu
607 1021 730 1063 agere
750 1006 832 1050 nisi
853 1005 965 1064 quod
991 1021 1235 1063 expressum
1257 1010 1428 1050 senatus
1457 1021 1555 1050 con-

234 1068 393 1113 sultum
427 1076 493 1114 est
527 1073 577 1113 ut
613 1069 860 1114 dictatorcm
897 1069 1083 1114 dicerent
1118 1069 1382 1114 comitiorum
1414 1085 1551 1115 causa.

199 1132 288 1181 OQ.
319 1133 498 1178 Fabium
527 1133 779 1178 Ambustum
816 1134 1011 1178 dixerunt
1043 1137 1087 1178 et
1116 1134 1165 1178 P.
1197 1133 1356 1178 AElium
1387 1134 1552 1180 Paetum

231 1197 480 1255 magistrum
516 1198 734 1255 equitum:
768 1199 919 1256 quibus
954 1198 1058 1242 vitio
1095 1199 1245 1243 creatis
1281 1198 1447 1243 suffecti
1486 1199 1550 1245 M.

230 1261 426 1306 AEmilius
457 1262 599 1319 Papus
631 1262 812 1308 dictator
841 1263 892 1307 L.
922 1263 1118 1307 Valerius
1146 1259 1321 1307 Flaccus
1351 1263 1552 1320 magister

193 1325 431 1384 7cquitu1n.
494 1326 588 1370 Nee
608 1341 682 1384 per
703 1341 774 1370 eos
802 1327 971 1371 comitia
991 1326 1135 1370 habita
1151 1330 1218 1381 et,
1241 1327 1339 1384 quia
1368 1325 1550 1371 taedebat

226 1390 427 1447 populum
448 1390 631 1434 omnium
664 1391 987 1450 magistratuum
1009 1392 1100 1449 ejus
1123 1390 1232 1446 anni,
1253 1405 1320 1435 res
1349 1390 1401 1435 ad
1421 1391 1550 1436 inter-

226 1468 400 1511 regnum
433 1453 582 1498 rediit:
614 1455 849 1513 interreges
872 1455 925 1503 Q.
950 1454 1105 1499 Fabius
1135 1454 1350 1498 Maximus
1377 1454 1440 1499 M.
1463 1455 1549 1500 Va·

225 1519 353 1564 lerius
385 1519 572 1563 Corvus:
615 1519 650 1564 is
691 1519 884 1564 consules
925 1519 1082 1564 creavit
1114 1519 1168 1567 Q.
1192 1518 1418 1564 Publilium
1448 1519 1549 1566 Phi-

226 1582 363 1628 lonem
403 1586 447 1628 et
485 1583 537 1628 L.
560 1584 774 1642 Papirium
812 1584 1036 1629 Cursorem
1076 1584 1230 1628 iterum
1269 1583 1381 1628 haud
1421 1583 1548 1630 dubio

228 1662 434 1692 consensu
461 1648 655 1704 civitatis,
683 1648 795 1706 quod
821 1648 925 1692 nulli
951 1663 1001 1692 ea
1026 1650 1279 1705 tempestate
1311 1647 1437 1693 duces
1468 1649 1548 1694 cla-

143 1711 356 1770 (8)riores
388 1718 541 1757 essent.
604 1713 702 1760 Quo
734 1713 864 1757 creati
894 1716 994 1757 sunt
1025 1712 1091 1757 die
1122 1713 1291 1757 eo—sic
1321 1713 1428 1757 enim
1451 1713 1548 1771 'pla-

227 1781 371 1821 cuerat
398 1777 942 1835 patribus—magistratum
974 1777 1173 1830 inierunt,
1196 1776 1546 1836 sollemnibusque

227 1845 398 1885 senatus
419 1841 621 1886 consultis
643 1842 841 1899 perfectis
863 1841 914 1886 de
941 1857 1042 1899 pace
1064 1839 1254 1886 Caudina
1276 1840 1546 1886 rettulerunt.

191 1905 284 1950 2Et
304 1905 522 1958 Publilius,
554 1921 682 1964 penes
709 1922 835 1964 quem
864 1906 997 1950 fasces
1028 1909 1160 1959 erant,
1186 1909 1212 1928 “
1228 1905 1322 1958 Dic,
1348 1905 1419 1962 Sp.
1443 1905 1546 1951 Pos-

191 1970 379 2024 3tumi‚''
401 1970 550 2028 inquit.
613 1971 701 2019 Qui·
730 1971 804 2015 ubi
835 1971 1030 2024 surrexit,
1054 1969 1199 2015 eodem
1227 1968 1298 2013 illo
1319 1969 1442 2014 vultu
1462 1985 1545 2029 quo

227 2033 305 2078 sub
331 2034 483 2092 jugum
513 2035 665 2079 missus
696 2039 798 2089 erat,
834 2035 1005 2079 “Haud
1036 2050 1128 2079 sum
1159 2035 1358 2092 ignarus”
1391 2034 1543 2093 inquit,

230 2099 476 2154 “consules‚
506 2099 743 2157 iguominiae
784 2115 869 2144 uon
909 2100 1077 2144 honoris
1107 2114 1234 2144 causa
1267 2113 1334 2144 me
1363 2099 1544 2157 primum

228 2162 457 2208 excitatum
487 2163 735 2224 jussumque
767 2164 916 2219 dicere,
946 2179 1031 2209 11011
1064 2167 1277 2222 tamquam
1308 2166 1543 2208 senatorem

228 2227 302 2274 sod
327 2231 539 2287 tamquam
571 2244 686 2275 reum
719 2244 800 2289 qua
828 2228 1002 2274 infelicis
1031 2227 1128 2275 beni
1148 2243 1230 2288 qua
1257 2226 1542 2287 ignominiosae
