1649 2452
214 168 248 188 -„
577 111 689 158 ΜΒ.
720 116 797 157 lx.
826 118 997 157 38-40,
1360 121 1436 162 5117

117 167 438 274 ῐῖὸξὰἕῡὲοτιιπι
462 217 693 272 utcumque
723 214 887 260 adfecta
915 220 1005 259 crat
1032 216 1184 259 coetera
1210 211 1438 256 mullitudo

116 279 287 325 tandem
320 279 554 339 perrumpit
589 279 757 324 ordines
788 279 1002 324 hostium:
1032 282 1138 322 tunc
1168 277 1280 321 vinci
1310 278 1438 335 perti-

114 344 236 390 nacia
273 348 411 403 coepta
445 349 488 389 et
525 344 658 388 averti
692 343 892 402 manipuli
929 343 1094 402 quidam
1133 345 1189 394 et,
1224 345 1273 385 ut
1309 342 1437 386 semel

115 408 267 468 dedere
301 414 434 468 terga,
466 407 593 453 etiam
629 409 850 453 certiorem
886 423 1103 465 capessere
1138 407 1295 464 fugam.
1357 403 1474 451 Inest

114 473 298 530 primum
337 472 425 518 dies
465 472 637 517 fortuna
676 476 818 517 vetere
859 471 1120 517 abundantes
1155 471 1435 515 Etruscorum

113 536 243 596 fregit
263 550 388 595 opes:
421 552 575 582 caesum
595 537 641 581 in
661 537 748 581 acie
770 537 883 595 quod
902 535 1064 581 roboris
1085 531 1166 580 fuit
1185 551 1194 579 :
1226 539 1364 580 castra
1385 551 1434 580 eo

113 600 276 658 impetu
295 605 419 659 capta
438 601 696 659 direptaque.

171 666 272 710 Pari
310 665 487 711 subinde
522 666 710 723 periculo
745 665 971 723 gloriaeq'ue
1008 666 1164 710 eventu
1198 663 1355 709 bellum
1391 664 1558 719 iu(40)

114 729 372 775 Samnitibus
393 734 496 783 erat,
521 731 592 788 qui
623 734 776 788 praeter
803 734 977 775 caeteros
1006 729 1103 774 belli
1131 733 1356 787 apparatus
1383 734 1433 774 ut

113 795 222 839 acies
243 810 321 839 sua
349 795 531 854 fulgeret
561 795 681 839 novis
713 809 920 838 armorum
950 793 1186 852 insignibus
1214 793 1430 838 fecerunt:

112 858 197 903 duo
217 859 427 904 exercitus
448 861 580 912 erant,
600 862 722 903 scuta
743 859 917 903 alterius
939 873 1042 902 auro
1063 858 1235 902 alterius
1257 863 1433 916 argento

111 923 391 968 oaelaverunt:
423 923 559 968 forma
578 927 669 968 erat
691 924 804 968 scuti
833 938 1040 967 summum
1072 922 1200 967 latius
1231 938 1314 980 qua
1341 938 1433 981 pcc-

111 992 182 1032 tus
217 992 344 1046 atque
374 987 540 1032 humeri
568 991 786 1046 tegunt-ur,
820 987 989 1046 fastigio
1025 987 1185 1045 aequali,
1220 986 1272 1031 ad
1301 987 1433 1031 imum

110 1053 329 1097 cuneatior
358 1051 605 1096 mobilitatis
633 1067 786 1097 causa:
819 1051 996 1110 spongia
1022 1052 1185 1109 pectori
1214 1057 1432 1108 tegumen-

109 1120 202 1160 tum
233 1121 277 1161 et
308 1117 526 1161 sinistrum
558 1131 654 1161 crus
686 1131 808 1161 ocrea
841 1120 1034 1161 tectum:
1074 1115 1205 1174 galeae
1235 1116 1431 1171 cristatae‚

109 1190 203 1239 quae
233 1181 416 1239 speciem
445 1180 726 1239 magnitudini
756 1194 975 1239 corporum
1014 1179 1244 1224 adderent:
1277 1180 1431 1225 tunicae

109 1246 269 1290 auratis
307 1244 512 1290 militibus
551 1245 836 1298 versicolores,
880 1245 1112 1303 argentatis
1153 1243 1293 1289 linteae
1335 1260 1432 1289 cau-

109 1308 242 1354 didaez
273 1309 339 1354 his
360 1311 556 1354 dextrum
583 1325 715 1354 cornu
745 1309 903 1363 datum,
926 1309 986 1353 illi
1015 1309 1062 1353 in
1081 1309 1253 1353 sinistro
1274 1310 1429 1354 consis-

108 1377 221 1418 tunt.
282 1374 427 1418 Notus
442 1374 529 1431 jam
557 1374 761 1418 Romanis
790 1378 1015 1432 apparatus
1043 1373 1271 1431 insignium
1294 1384 1465 1420 armo⁶2

108 1453 202 1482 rum
223 1438 375 1491 fuerat,
399 1438 597 1496 doctique
618 1453 643 1482 a
669 1438 846 1483 ducibus
874 1442 993 1482 erant
1015 1437 1231 1482 horridum
1251 1438 1429 1482 militem

108 1516 202 1547 esse
228 1502 392 1557 debere,
420 1515 506 1546 non
537 1502 729 1547 caelatum
757 1517 859 1546 suro
889 1506 932 1547 et
961 1505 1137 1560 argento
1158 1501 1233 1546 sed
1252 1502 1364 1546 ferro
1385 1505 1428 1547 et

108 1567 257 1611 animis
285 1567 465 1611 fretum:
499 1567 652 1625 quippe
679 1566 750 1611 illa
776 1566 956 1625 praedam
985 1567 1125 1610 verius
1154 1581 1277 1624 quam
1314 1581 1430 1610 arma

107 1645 213 1687 esse,
248 1631 430 1676 nitentia
461 1637 559 1675 ante
594 1643 695 1684 rem,
728 1631 930 1675 deformia
962 1631 1073 1675 iuter
1103 1631 1350 1688 sanguinem
1384 1638 1428 1676 et

106 1696 305 1740 vulnera-2
337 1697 541 1740 virtutem
571 1710 663 1740 esse
688 1695 831 1740 militis
863 1695 990 1740 dccus
1015 1700 1058 1739 et
1086 1696 1225 1738 omnia
1251 1695 1322 1738 illa
1341 1695 1424 1740 vic-

105 1761 259 1806 toriam
281 1760 401 1816 sequi
421 1764 465 1804 et
486 1758 616 1803 ditem
637 1759 801 1804 hostem
823 1759 1011 1818 quamvis
1039 1760 1234 1817 pauperis
1255 1759 1426 1804 victoris

106 1825 323 1884 praemium
355 1839 460 1869 esse.
521 1823 597 1868 Eis
626 1824 786 1868 Cursor
814 1823 987 1868 vocibus
1020 1823 1243 1868 instinctos
1271 1824 1463 1872 militess

105 1890 150 1934 in
170 1889 362 1948 proelium
390 1888 534 1933 ducit:
566 1887 715 1933 dextro
742 1888 831 1946 ipse
862 1904 994 1932 cornu
1023 1889 1231 1942 consistit,
1254 1888 1426 1934 sinistro

105 1954 294 2011 praefeeit
329 1954 578 2012 magistrum
618 1953 823 2011 equitum.
886 1953 1020 1997 Simul
1059 1957 1125 1998 est
1160 1964 1464 2008 concursum‚4

104 2019 255 2077 ingens
289 2019 373 2063 fuit
413 2032 510 2063 oum
550 2018 673 2063 hoste
713 2022 938 2074 certarnen,
978 2031 1065 2062 nou
1104 2018 1274 2076 segnius
1314 2019 1426 2063 inter

104 2082 354 2128 dictatorem
384 2086 429 2128 et
458 2083 708 2140 magistrum
748 2083 951 2141 equitum,
981 2083 1034 2127 ab
1062 2088 1161 2127 utra
1189 2087 1311 2141 parte
1340 2085 1426 2129 vic-

104 2147 216 2192 toria
243 2148 461 2206 inciperet.
522 2147 648 2192 Prior
675 2147 786 2192 sorte
815 2147 970 2192 Junius
1001 2148 1227 2192 commovit
1258 2147 1463 2196 hostem5

104 2210 210 2257 laero
236 2207 434 2257 dextrum
458 2222 602 2267 nomn,
636 2215 821 2257 sacratos
848 2225 964 2258 more
994 2213 1244 2258 Samnitium
1270 2213 1426 2260 militm

105 2284 242 2336 eoque
260 2270 438 2323 eandida
455 2281 575 2324 veste
595 2280 639 2324 et
666 2276 837 2338 paribus
864 2276 1044 2324 candore
1064 2277 1189 2324 armis
1209 2278 1425 2339 insignesz
