1649 2452
529 109 640 148 LIB.
674 109 750 149 IX.
781 111 951 150 30-32.
1317 115 1394 155 575

70 162 117 250 3Αὲ
134 162 285 250 2⁰¹⁰ssssss
298 204 599 262 aptaveratque
626 204 765 258 armis,
788 203 842 248 ad
869 203 991 262 signa
1017 202 1203 262 undique
1227 204 1395 250 coibant

69 272 113 314 et
139 269 253 313 notis
281 267 497 312 ordinibus
525 267 569 311 in
597 274 739 312 vetere
767 267 987 326 disciplina
1013 267 1174 312 militiae
1191 268 1279 326 jam
1305 269 1394 313 sine

69 337 278 391 praeeepto
306 331 431 376 ullius
460 346 538 376 sua
564 338 716 389 sponte
744 332 990 377 struebatur
1019 332 1143 385 acics
1167 333 1314 377 consul
1342 333 1395 377 ad

69 397 289 455 ancipitem
333 397 510 440 maxime
551 412 733 455 pugnam
777 398 978 441 advectus
1019 396 1158 441 desilit
1199 413 1252 442 ex
1287 413 1395 456 equo

68 466 111 507 et
132 462 281 507 Jovem
307 461 578 520 Martemque
606 466 734 519 atque
762 461 864 506 alios
885 465 1069 506 testatur
1100 460 1215 514 deos,
1236 477 1281 507 se
1302 462 1397 508 nul-

67 526 147 570 lam
179 541 299 571 suam
329 525 505 584 gloriam
535 524 633 570 inde
663 525 737 570 sed
767 525 949 584 praedam
980 525 1106 570 militi
1136 530 1396 585 quaerentem

67 591 110 636 in
131 607 226 635 eum
247 590 386 636 locum
407 589 635 645 devenisse,
657 605 792 648 neque
813 591 859 634 in
879 605 924 635 se
945 589 1058 634 aliud
1079 606 1203 649 quam
1224 591 1394 636 nimiam

67 654 228 700 ditandi
259 671 312 700 ex
341 656 463 700 hoste
494 654 639 699 militis
676 669 820 700 curam
850 654 1097 712 reprehendi
1130 669 1264 713 posse.
1325 654 1394 701 Ab
1416 659 1459 698 10

67 735 116 764 co
143 735 188 764 se
217 719 419 764 dedecore
447 718 604 763 nullam
633 734 723 764 rem
750 719 873 764 aliam
901 735 1025 777 quam
1056 719 1260 764 virtutem
1288 719 1396 765 mili-

66 787 156 828 tum
172 783 500 828 vindicaturam:
525 783 842 828 conniterentur
856 783 980 828 modo
994 799 1078 828 uno
1095 784 1233 828 animo
1249 799 1394 830 omnes

66 848 262 893 invadere
293 847 471 902 hostem,
500 847 659 893 victum
689 848 776 892 acie
805 849 954 892 castris
983 851 1158 892 exutum
1186 848 1394 894 nudatum

65 913 253 968 urbibus,
295 913 486 957 ultimam
525 928 640 970 spem
682 913 799 956 furto
834 911 1079 956 insidiarum
1114 916 1392 971 temptantem

65 982 109 1022 et
129 977 220 1022 loco
247 993 336 1021 -non
362 977 487 1021 armis
516 977 685 1020 fretum.
750 976 833 1021 Sed
854 992 978 1035 quem
1009 993 1100 1022 esse
1122 980 1213 1035 jam
1242 977 1392 1024 virtuti
1412 984 1457 1022 ll

67 1042 268 1087 Romanae
296 1041 662 1100 inexpugnabilem
694 1041 866 1086 locum?
898 1041 1146 1100 Fregellana
1173 1057 1249 1087 arx
1270 1043 1393 1087 Sora-

64 1123 201 1165 naque
222 1110 266 1151 et
286 1105 540 1165 ubicumque
567 1106 711 1165 iniquo
737 1121 978 1151 successum
1007 1110 1098 1152 erat
1118 1106 1210 1152 loco
1237 1123 1393 1152 memo·

64 1171 277 1216 rabantur.
340 1171 424 1215 His
456 1186 655 1215 aecensus
684 1170 803 1215 miles
835 1171 1019 1215 omnium
1042 1171 1260 1217 immemor
1290 1171 1391 1218 diffi·
1410 1178 1459 1217 12

64 1235 286 1280 cultatium
320 1234 436 1279 vadit
467 1235 667 1280 adversus
703 1235 991 1280 imminentem
1027 1236 1214 1280 hostiurn
1246 1237 1389 1282 aciem.

65 1300 132 1345 Ibi
152 1299 320 1359 paulum
342 1299 496 1344 laboris
512 1299 595 1344 fuit
616 1300 777 1344 durnin
799 1299 1020 1344 adversum
1038 1299 1191 1345 clivum
1214 1301 1392 1360 erigitur
1411 1309 1458 1346 13

63 1380 226 1423 agmen,
248 1367 459 1418 caeterum,
480 1368 703 1422 postquam
732 1364 866 1422 prima
886 1365 1008 1422 signa
1035 1364 1249 1423 planitiem
1278 1382 1392 1410 sum-

63 1445 171 1473 mam
203 1433 405 1486 ceperunt
435 1429 651 1488 sensitque
688 1429 796 1473 acies
828 1445 948 1488 aequo
984 1445 1029 1474 se
1062 1429 1150 1487 jam
1184 1430 1390 1476 institisse

62 1494 167 1549 loco,
194 1509 341 1538 versus
362 1493 571 1548 extemplo
597 1496 662 1538 est
682 1497 819 1537 terror
843 1495 885 1537 in
912 1493 1177 1539 insidiatores
1205 1495 1391 1540 easdem-

63 1573 145 1614 que
165 1557 358 1610 latebras,
378 1557 529 1616 quibus
552 1573 596 1601 se
618 1557 742 1615 paulo
764 1562 862 1602 ante
884 1563 1090 1612 texerant,
1110 1559 1240 1617 palati
1263 1564 1390 1618 atquc

62 1623 240 1666 inermes
262 1622 365 1680 fuga
391 1621 651 1680 repetebant.
715 1621 797 1666 Sed
824 1621 916 1666 loca
937 1623 1118 1668 difficilia
1144 1623 1258 1668 hosti
1279 1640 1390 1684 quae-
1409 1641 1458 1679 1}

62 1687 144 1731 sita
178 1687 291 1744 ipsos
332 1695 423 1730 tum
467 1701 544 1730 sua
582 1685 730 1730 fraude
766 1686 1076 1743 impediebant:
1109 1688 1253 1746 itaque
1288 1705 1390 1746 ergo

62 1752 280 1809 perpaucis
302 1750 505 1809 effugium
526 1751 667 1808 patuit
688 1767 696 1794 :
729 1765 836 1795 caesa
857 1752 910 1795 ad
938 1751 1090 1809 viginti
1110 1752 1238 1798 millia
1258 1752 1390 1799 homi-

61 1832 163 1861 num
192 1817 409 1874 victorque
438 1816 655 1861 Romanus
684 1815 737 1860 ad
764 1815 947 1861 oblatam
975 1816 1026 1862 ab
1056 1817 1178 1864 hoste
1205 1819 1388 1878 praedam

63 1896 260 1939 pecorum
281 1880 492 1926 discurrit.

119 1945 236 1990 Dum
262 1945 353 1991 haec
382 1948 589 2005 geruntur
618 1945 663 1990 in
695 1945 876 1998 Samnio,
908 1945 995 2004 jam
1025 1961 1169 1992 omnes
1198 1947 1385 1995 Etruriae
1401 1961 1505 2016 (32)

61 2011 204 2069 populi
231 2015 384 2070 praeter
405 2011 627 2056 Arretinos
649 2010 701 2054 ad
731 2026 846 2054 arma
867 2010 1003 2056 ierant
1032 2011 1084 2056 ab
1105 2015 1386 2072 oppugnando

63 2075 219 2129 Sutrio,
243 2091 336 2133 quae
354 2078 454 2120 urbs
483 2076 596 2120 socia
623 2075 826 2119 Romanis
856 2075 972 2120 velut
993 2076 1177 2122 claustra
1202 2078 1386 2126 Etruriae

61 2143 165 2194 crat,
185 2140 334 2198 ingens
355 2140 440 2184 orsi
460 2139 628 2184 bellum.
689 2139 754 2183 Eo
775 2139 881 2184 alter
901 2140 1049 2187 consul
1070 2141 1268 2189 AEmilius
1289 2159 1386 2190 cum
1402 2158 1426 2196 2

63 2205 252 2250 exercitu
280 2204 334 2250 ad
361 2204 598 2252 liberandos
633 2203 851 2250 obsidione
886 2205 1021 2253 socios
1056 2207 1186 2256 venit.
1245 2208 1421 2257 Adve-3

62 2268 276 2341 pissutibug
300 2268 500 2336 Romanis
523 2268 685 2339 Sutrini
706 2273 962 2337 commeatus
982 2270 1163 2339 benigne
1183 2272 1227 2329 in
1248 2279 1386 2336 eastra
