1649 2452
194 63 273 100 504
505 63 552 101 T.
583 63 732 102 LIVII
763 61 1184 103 HISTORIARUM
1303 115 1347 154 [A
1377 115 1404 146 c
1430 114 1490 148 32?

191 154 301 199 nelia
329 170 378 201 ac
408 156 555 215 Sergia
583 157 767 213 patriciae
796 160 974 216 utraque
1003 157 1155 216 gentis,
1187 171 1316 214 quum
1346 171 1395 200 ea
1420 171 1506 201 me—

190 217 425 264 dicamenta
463 220 645 265 salubria
683 235 776 265 esse
816 221 1128 275 contenderent,
1169 220 1220 265 ab
1260 220 1506 266 confutante

186 281 325 328 indice
345 283 486 329 bibere
502 284 643 342 jussae,
661 288 710 328 ut
732 300 777 328 se
796 285 949 329 falsum
970 291 1245 330 commentam
1266 287 1502 342 arguerent,

187 348 324 404 spatio
345 347 399 392 ad
426 347 744 406 colloquendum
772 352 940 407 sumpto
965 364 1099 406 quum
1129 349 1322 393 submoto
1349 347 1504 406 populo

185 411 231 454 in
270 416 541 470 conspectum
581 412 768 456 omnium
802 427 891 457 rem
926 412 978 456 ad
1011 415 1182 457 caeteras
1222 411 1502 465 rettulissent,

185 474 299 519 haud
333 476 613 521 abnuentibus
650 480 694 520 et
732 476 814 520 illis
848 476 1002 531 bibere,
1038 481 1163 534 epoto
1202 475 1504 521 medicamento

147 547 170 589 7
186 543 350 584 suamet
375 540 477 598 ipsae
504 540 651 584 fraude
682 555 825 584 omnes
853 540 1118 585 interierunt.
1180 540 1503 598 Comprehensae

184 603 394 662 extemplo
415 619 557 648 earum
574 604 747 648 comites
768 619 967 662 magnum
982 620 1203 648 numerum
1218 608 1502 648 matronarum

182 668 484 723 indicaverunt,
522 685 574 714 ex
605 669 756 728 quibus
793 669 846 713 ad
880 672 1050 714 centum
1085 670 1354 728 septuaginta
1387 668 1502 714 dam'-

144 735 305 778 snatae.
366 734 517 792 Neque
545 733 596 778 de
622 734 832 778 veneficiis
855 737 951 777 ante
978 749 1070 777 eam
1091 733 1196 778 diem
1228 735 1370 778 Romae
1390 749 1503 792 quae-

142 804 166 842 9
182 795 311 841 situm
331 800 409 842 est.
470 797 660 856 Prodigii
680 813 728 841 ea
749 813 816 842 res
836 797 928 842 loco
954 797 1098 842 habita
1125 797 1341 856 captisque
1367 798 1500 856 magis

180 860 391 906 mentibus
429 877 553 920 quam
586 861 878 906 consceleratis
914 862 1060 906 similis
1096 862 1210 906 visa:
1241 862 1384 920 itaque
1414 878 1501 908 me-

179 925 311 969 moria
337 941 390 970 ex
417 925 635 970 annalibus
664 926 845 984 repetita
875 925 920 970 in
952 926 1256 971 secessionibus
1291 926 1499 984 quondam

178 988 311 1046 plebis
332 990 496 1035 clavum
526 989 577 1035 ab
606 990 811 1035 dictatore
838 990 968 1034 fixum
990 990 1273 1048 alienatasque
1294 990 1500 1036 discordia

179 1057 339 1099 mentes
369 1054 586 1099 hominum
613 1070 662 1099 eo
690 1054 854 1113 piaculo
884 1059 1098 1111 compotes
1129 1055 1196 1099 sui
1222 1055 1384 1110 fecisse,
1415 1055 1498 1100 dic-

179 1121 358 1163 tatorem
387 1118 493 1164 clavi
518 1118 675 1177 figendi
702 1134 828 1164 causa
854 1118 986 1163 creari
1013 1118 1194 1176 placuit:
1227 1123 1393 1164 creatus
1422 1121 1496 1164 Cn.

177 1181 435 1230 Quinctilius
463 1183 713 1241 magistrum
741 1183 931 1240 equitum
957 1182 1009 1226 L.
1033 1182 1248 1227 Valerium
1275 1183 1394 1237 dixit,
1424 1185 1498 1242 qui

174 1246 258 1291 fixo
280 1247 396 1292 clavo
417 1248 670 1306 magistratu
690 1263 735 1292 se
757 1247 1067 1291 abdicaverunt.

65 1312 163 1364 (19)
235 1311 376 1356 Creati
399 1311 590 1356 consules
618 1312 670 1357 L.
693 1311 888 1369 Papirius
918 1311 1096 1355 Crassus
1116 1311 1271 1356 iterum
1294 1312 1347 1356 L.
1369 1312 1497 1358 Plau-

133 1374 260 1420 2tius
294 1376 458 1420 Venox.
519 1376 654 1433 Cujus
689 1375 893 1434 principio
929 1375 1024 1419 anni
1065 1375 1195 1433 legati
1235 1391 1287 1420 ex
1327 1376 1495 1422 Vulscis

173 1439 422 1485 Fabraterni
458 1443 500 1485 et
530 1440 695 1485 Lucani
725 1440 906 1484 Romam
935 1444 1143 1484 venerunt
1173 1443 1341 1485 orantes
1370 1445 1420 1486 ut
1450 1442 1496 1486 in

171 1503 297 1548 fidem
331 1505 645 1563 reciperentur:
678 1504 715 1549 si
746 1520 770 1548 a
801 1503 1051 1548 Samnitium
1082 1504 1208 1548 armis
1239 1503 1399 1550 defensi
1429 1521 1494 1550 es·

171 1572 278 1622 sent,
321 1584 366 1614 se
410 1569 489 1614 sub
529 1568 703 1627 imperio
744 1568 888 1626 populi
927 1568 1110 1613 Romani
1147 1567 1327 1613 fideliter
1366 1572 1493 1628 atque

131 1633 413 1680 3obedienter
450 1636 628 1680 futuros.
690 1635 817 1680 Missi
851 1638 943 1678 tum
979 1633 1031 1679 ab
1072 1637 1222 1678 senatu
1255 1634 1385 1693 legati
1425 1636 1494 1681 de·

169 1700 495 1758 nuntiatumque
537 1698 795 1744 Samnitibus
835 1702 885 1743 ut
925 1713 1071 1743 eorum
1110 1698 1359 1757 populorum
1403 1700 1492 1745 fini·

171 1763 248 1808 bus
269 1764 355 1809 vim
383 1764 654 1819 abstinerent,
676 1763 891 1822 valuitque
921 1779 970 1807 ea
989 1762 1144 1820 legatio
1174 1778 1259 1807 non
1286 1766 1372 1808 tam
1394 1765 1492 1823 quia

168 1843 311 1885 pacem
344 1828 540 1874 volebant
579 1829 788 1872 Samnites
825 1842 950 1885 quam
993 1827 1090 1886 quia
1128 1826 1313 1871 nondum
1354 1830 1490 1886 parati

127 1897 151 1933 4
169 1896 287 1937 erant
309 1892 362 1937 ad
377 1893 544 1938 bellum.
606 1892 764 1937 Eodem
784 1907 892 1936 anno
913 1891 1138 1936 Privernas
1153 1890 1308 1935 bellurn
1325 1892 1488 1950 initum,

168 1957 288 2014 cujus
309 1958 411 2002 socii
431 1957 636 2011 Fundani,
655 1956 741 2001 dux
762 1957 888 2000 etiam
909 1955 993 2000 fuit
1014 1955 1242 2000 Fundanus
1264 1956 1488 2003 Vitrubius

166 2021 342 2076 Baccus,
377 2023 440 2067 vir
469 2038 554 2067 non
588 2021 696 2066 domi
730 2022 865 2065 solum
898 2021 972 2065 sed
1002 2020 1127 2064 etiam
1160 2019 1306 2064 Romte
1336 2021 1485 2067 clarus.

131 2085 297 2131 5AEdes
335 2087 450 2132 suere
485 2089 530 2132 in
564 2087 727 2132 Palatio
764 2086 869 2144 ejus,
908 2100 1001 2143 quae
1033 2084 1161 2129 Bacci
1195 2090 1314 2142 prata
1346 2085 1486 2131 diruto

130 2150 338 2196 eaedificio
374 2152 667 2210 publicatoque
707 2150 796 2195 solo
836 2149 1057 2208 appellata.
1119 2148 1334 2194 Adversus
1374 2150 1485 2196 hunc

166 2220 401 2263 vastantem
431 2218 562 2263 effuse
599 2217 790 2263 Setinum
824 2214 1156 2274 Norbanumque
1194 2218 1238 2260 et
1274 2215 1483 2263 Coranum
