1649 2452
525 93 637 133 LIB.
668 92 793 132 VIII.
825 93 992 132 33-35.
1377 93 1455 131 525

135 148 234 236 tre}
252 148 394 236 ἔξω
432 190 478 234 et
507 203 629 233 senes
669 187 812 232 faciles
842 186 894 232 de
929 186 1063 231 alieno
1102 184 1280 242 imperio
1311 189 1454 242 spreto

135 258 409 313 —tamquam
437 253 500 298 rei
527 251 953 311 parvae—disciplinae
983 249 1174 294 militaris
1205 264 1360 294 eversae
1383 252 1455 306 ju-

135 318 303 364 ventuti
331 317 509 376 gratiam
537 316 689 362 facere.
751 316 805 361 Se
835 319 978 359 tamen
1004 317 1292 372 perstaturum
1318 313 1364 356 in
1392 313 1493 358 in-2

135 386 259 441 cepto
297 396 376 427 nec
409 381 461 435 ei,
498 380 570 439 qui
605 381 803 425 adversus
836 379 996 424 dictum
1028 393 1151 422 suum
1181 376 1363 421 turbatis
1392 391 1455 421 re·

134 445 360 506 ligionibus
392 460 442 490 ac
476 444 614 489 dubiis
645 444 841 502 auspiciis
872 443 1117 501 pugnasset,
1151 441 1370 499 quicquam
1402 456 1455 485 ex

129 513 250 568 justa
276 524 400 569 poeua
427 509 712 554 remissurum.
773 508 981 565 MaJestas
1008 505 1172 564 imperii
1198 509 1490 563 perpetuane3

135 578 262 630 esset,
296 589 381 619 nou
421 588 513 618 esse
547 573 591 617 in
631 588 708 617 sua
742 575 978 630 potestate:
1021 571 1073 615 L.
1095 570 1312 627 Papirium
1350 569 1455 614 nihil

135 655 188 684 ex
226 639 318 697 ejus
342 641 442 696 jure
472 637 798 682 diminuturum:
834 640 980 693 optare
1009 651 1063 680 ne
1103 638 1292 692 potestas
1322 633 1454 679 tribu-

133 702 502 749 nicia—inviolata
540 701 817 759 ipsa—violet
854 699 1154 744 intercessione
1184 713 1261 742 sua
1300 698 1453 742 Roma-

134 783 236 813 num
275 767 511 825 imperium,
548 782 632 810 neu
670 765 853 823 populus
893 765 938 808 in
978 779 1022 808 se
1062 763 1329 822 potissimum
1369 762 1454 807 dic-

133 835 315 876 tatorem
350 835 393 876 et
424 834 499 888 jus
534 830 754 875 dictaturae
790 829 1046 886 exstinguat.
1109 827 1237 876 Quod
1267 827 1304 871 si
1332 826 1491 872 fecis-4

134 900 212 950 set,
253 911 339 939 non
378 895 430 939 L.
453 894 669 952 Papirium
711 893 784 938 sed
820 893 1012 937 tribunos
1053 891 1128 936 sed
1166 907 1341 949 pravum
1380 906 1454 949 po-

133 959 221 1017 puli
257 959 458 1016 judicium
496 959 748 1016 nequiquam
782 962 973 1015 posteros
1009 960 1291 1010 accusaturos‚
1324 971 1454 1013 quum

132 1023 294 1082 polluta
323 1022 452 1068 semel
481 1022 653 1067 militari
683 1021 902 1080 disciplina
930 1035 1016 1065 non
1046 1020 1164 1064 miles
1196 1020 1453 1065 centurionis

132 1103 218 1132 non
248 1088 438 1133 centurio
478 1087 641 1132 tribuni
671 1102 757 1131 non
786 1085 984 1131 tribunus
1015 1085 1145 1143 legati
1174 1099 1259 1129 non
1287 1084 1452 1142 legatus

133 1152 315 1198 consulis
335 1167 420 1197 non
439 1152 641 1209 magister
656 1151 846 1208 equitum
863 1150 1082 1194 dictatoris
1103 1153 1248 1207 pareat
1263 1149 1451 1207 imperio,

131 1232 254 1262 nemo
274 1217 489 1262 hominum
515 1230 639 1261 nemo
660 1215 834 1260 deorum
854 1213 1150 1259 verecundiam
1180 1213 1344 1266 habeat,
1367 1229 1453 1258 non

132 1281 269 1327 edicta
288 1281 586 1340 imperatorum
606 1295 693 1324 non
713 1279 899 1337 auspicia
918 1279 1210 1331 observentur,
1229 1278 1320 1322 sine
1341 1293 1453 1322 com-

132 1349 275 1391 meatu
304 1346 402 1404 vagi
435 1345 589 1390 milites
629 1345 674 1388 in
713 1347 862 1402 pacato
901 1343 947 1388 iu
984 1342 1149 1387 hostico
1193 1345 1346 1394 errent,
1376 1342 1453 1386 irn-

131 1425 336 1455 memores
376 1409 626 1454 sacramenti
669 1408 839 1453 lieentia
879 1407 968 1452 sola
1007 1422 1082 1452 sua
1123 1422 1168 1451 se
1207 1406 1281 1451 ubi
1321 1406 1453 1451 velint

132 1478 418 1527 exauctorent,
448 1473 730 1532 infrequentia
760 1472 1009 1517 deserantur
1035 1473 1167 1530 signa,
1191 1486 1327 1529 neque
1354 1486 1451 1516 con-

131 1540 325 1584 veniatur
358 1538 412 1582 ad
446 1537 630 1583 edietum
665 1553 743 1583 nec
783 1536 1059 1588 discernatur,
1090 1535 1276 1580 interdiu
1314 1539 1452 1591 nocte,

131 1619 251 1662 aequo
281 1603 425 1661 iniquo
460 1602 564 1655 loco,
593 1602 717 1660 jussu
745 1601 911 1660 injussu
950 1601 1214 1658 imperatoris
1247 1604 1450 1658 pugnent,

132 1672 176 1714 et
196 1683 282 1712 non
311 1668 432 1726 signa
461 1682 546 1711 non
566 1666 732 1711 ordines
761 1669 942 1720 servent,
963 1665 1172 1709 latrocinii
1199 1663 1323 1708 modo
1345 1679 1454 1709 eaeea

131 1736 175 1777 et
195 1732 372 1776 fortuita
391 1746 468 1789 pro
497 1731 687 1776 sollemni
707 1734 751 1775 et
773 1735 937 1775 sacrata
962 1729 1112 1774 militia
1132 1729 1270 1773 sit—2
1303 1729 1454 1774 horum

131 1797 350 1842 criminum
387 1811 462 1840 vos
503 1811 596 1840 reos
636 1795 680 1840 in
720 1795 860 1839 omnia
899 1794 1052 1839 saeeula
1091 1793 1251 1847 offerte,
1292 1793 1454 1838 tribuni

130 1861 253 1920 plebi,
280 1864 422 1905 vestra
449 1859 630 1905 obnoxia
660 1860 799 1917 capita
824 1874 901 1917 pro
928 1858 1098 1903 licentia
1126 1858 1179 1905 Q.
1203 1857 1322 1902 Fabii
1349 1857 1452 1916 obji-

130 1926 226 1971 cite.
289 1926 519 1983 Stupentes
560 1924 754 1969 tribunos
795 1929 837 1968 et
879 1939 999 1968 suam
1033 1926 1122 1980 jam
1154 1922 1286 1966 vicem
1316 1923 1450 1981 magis
1464 1930 1569 1986 (35)

130 1990 275 2034 anxios
311 2005 434 2048 quam
477 1989 582 2047 ejus,
617 1989 685 2033 cui
720 1988 920 2032 auxilium
961 1987 1012 2032 ab
1050 2002 1094 2031 se
1134 1986 1370 2044 petebatur,
1401 1987 1451 2032 li-

130 2054 293 2099 beravit
323 2069 450 2098 onere
490 2069 719 2098 consensus
750 2052 895 2110 populi
933 2051 1113 2096 Romani
1146 2050 1199 2094 ad
1229 2066 1374 2108 preces
1406 2056 1450 2096 et

130 2118 454 2163 obtestationem
483 2133 630 2163 versus
664 2122 713 2161 ut
744 2116 824 2161 sibi
851 2131 1017 2174 poenam
1043 2115 1233 2171 magistri
1261 2115 1451 2173 equitum

131 2182 312 2227 dictator
331 2183 581 2228 remitteret.
643 2181 819 2226 Tribuni
841 2195 1008 2239 quoque
1027 2179 1270 2224 inclinatam
1297 2195 1385 2224 rem
1405 2181 1452 2225 iu
1465 2190 1489 2228 2

131 2261 275 2306 preces
301 2246 552 2314 subsequuti
578 2261 698 2298 orare
726 2245 975 2300 dictatorem
994 2244 1198 2299 insistunt
1218 2247 1268 2295 ut
1287 2245 1452 2295 veniam
