1649 2452
298 128 302 131 ,
567 76 677 119 Lm.
708 76 832 120 vm.
867 75 1055 119 19—21.¹
1392 77 1468 122 507

150 132 195 167 Α.
210 130 249 166 ο.
267 129 356 174 aas]

156 176 357 222 Veliterni
384 173 606 219 habitaret.
668 173 752 219 His
779 174 840 219 ita
871 173 1051 220 decretis
1080 186 1215 231 usque
1241 171 1294 216 ad
1321 173 1507 218 trium-9

147 241 280 299 phmn
299 239 457 285 Plautii
477 238 689 284 silentium
718 239 769 283 de
790 237 1110 284 Privernatibus
1132 238 1233 281 fuit:
1278 241 1375 295 post
1395 238 1472 282 tri-

146 305 351 363 umphum
384 303 532 350 consul
565 307 714 348 necato
746 303 944 348 Vitrubio
979 302 1187 360 sociisque
1218 302 1309 359 ejus
1350 316 1471 347 noxae

147 369 261 428 apud
291 369 466 413 satiatos
492 368 577 426 jam
609 367 825 426 suppliciis
852 367 1093 412 nocentium
1124 371 1261 410 tutam
1293 367 1471 411 mentio-

146 449 244 479 nem
265 433 318 478 de
348 432 665 478 Privernatibus
686 435 805 476 ratus
826 431 1079 481 “Quoniam
1112 434 1306 475 auctores
1337 430 1472 475 defec-

146 498 305 542 tionis'’
323 497 460 556 inquit
479 497 685 541 “meritas
705 511 849 554 poenas
867 500 911 541 et
933 496 984 541 ab
1005 495 1086 540 diis
1106 494 1412 540 immortalibus
1428 498 1472 540 et

146 577 172 607 a
189 562 309 607 vobis
336 561 504 615 habent,
527 565 669 620 patres
690 561 930 619 conscripti,
952 560 1053 620 quid
1073 559 1209 617 placet
1231 559 1282 604 de
1302 559 1472 604 innoxia
1528 588 1533 592 -

145 626 418 671 multitudine
436 626 558 670 fieri?
590 625 796 684 equidem,
816 625 894 670 etsi
917 640 1020 670 meoe
1042 630 1183 683 partes
1204 624 1470 682 exquirendae

148 691 284 750 magis
301 690 522 736 sententiae
540 705 664 748 quam
685 689 831 734 dandae
854 694 966 743 sunt,
985 693 1138 742 tamen,
1157 704 1286 747 quum
1308 688 1471 733 videam

147 755 422 800 Privernates
452 755 611 799 vicinos
644 754 902 799 Samnitibus
933 769 1037 807 esse,
1066 753 1178 798 unde
1207 768 1320 797 nunc
1350 753 1470 798 nobis

146 818 428 864 incertissima
459 834 541 877 pax
569 823 647 874 est,
676 833 800 876 quam
828 819 1044 863 minimum
1072 818 1229 862 irarum
1255 817 1365 863 inter
1392 832 1470 862 nos

148 883 327 943 illosque
347 884 526 941 relinqui
547 883 714 928 velim.'’

209 948 351 1002 Quum
380 949 472 1006 ipsa
501 963 575 1006 per
606 963 696 992 sese
724 963 791 993 res
820 962 972 1006 anceps
1001 950 1299 1006 esset—prout
1329 949 1579 1005 cujus-(21)

148 1027 231 1071 que
265 1012 483 1072 ingenium
518 1016 621 1065 erat,
660 1012 844 1057 atrocius
886 1013 1081 1057 mitiusve
1122 1011 1466 1066 suadentibus—‚

146 1080 242 1121 tum
279 1077 503 1122 incertiora
537 1077 678 1121 omnia
714 1093 826 1122 unus
869 1092 920 1122 ex
961 1077 1278 1122 Privernatibus
1317 1077 1468 1135 legatis

146 1140 253 1186 fecit
278 1142 413 1200 magis
441 1141 706 1195 conditionis,
729 1143 774 1186 in
802 1157 885 1200 qua
910 1148 1037 1187 natus
1066 1146 1193 1195 esset,
1215 1157 1339 1200 quam
1367 1157 1469 1200 prae·

148 1205 281 1250 sentis
315 1207 579 1251 necessitatis
610 1221 780 1260 memor,
815 1207 886 1265 qui
916 1207 1202 1266 interrogatus
1234 1223 1258 1251 a
1288 1207 1468 1265 quodam

147 1269 349 1315 tristioris
376 1271 597 1316 sententiae
625 1276 808 1326 auctore,
831 1286 954 1330 quam
983 1287 1147 1329 poenam
1176 1273 1348 1317 meritos
1376 1273 1469 1317 Pri-

147 1340 342 1380 vernates
369 1339 572 1390 censeret,
598 1336 770 1380 “Eam”
800 1336 937 1394 inquit
959 1338 1125 1394 “quam
1153 1340 1368 1382 merentur
1397 1337 1469 1395 qui

156 1415 194 1444 ·-e
226 1399 420 1445 libertate
450 1400 598 1459 dignos
629 1401 846 1445 censent.'’
909 1401 1043 1458 Cujus
1075 1417 1205 1460 quum
1239 1401 1370 1447 feroci
1403 1409 1503 1446 re-2

148 1478 303 1522 sponso
337 1464 575 1510 infestiores
610 1465 745 1510 factos
780 1464 942 1510 videret
974 1466 1121 1510 consul
1157 1481 1228 1511 cos
1261 1466 1334 1525 qui
1369 1470 1467 1511 ante

147 1527 459 1573 Privernatium
498 1544 666 1574 causam
707 1530 1023 1588 impugnabant,
1066 1534 1115 1574 ut
1156 1532 1246 1588 ipse
1287 1531 1468 1589 benigna

146 1594 475 1652 interrogatione
495 1594 640 1638 mitius
661 1609 909 1652 responsum
930 1595 1112 1650 eliceret,
1137 1599 1163 1618 “
1181 1595 1304 1650 Quid,
1328 1595 1364 1640 si
1385 1611 1467 1652 poe·

146 1657 270 1702 nam'’
291 1658 427 1716 inquit
449 1658 738 1703 “remittimus
767 1659 897 1712 vobis,
922 1659 1086 1717 qualem
1116 1674 1193 1704 nos
1223 1675 1366 1718 pacem
1394 1675 1467 1704 vo·

147 1721 308 1767 biseum
347 1722 565 1767 habituros
606 1738 820 1780 speremus
834 1723 880 1768 ?'’
919 1724 1005 1768 “Si
1045 1723 1197 1769 bonam
1236 1723 1465 1769 dederitis''

146 1786 296 1845 inquit,
330 1791 413 1831 “et
444 1786 568 1831 fidam
598 1790 641 1831 et
671 1790 941 1845 perpetuam:
974 1788 1010 1832 si
1040 1788 1203 1844 malam,
1232 1787 1346 1832 hand
1376 1788 1467 1833 diu-

146 1852 358 1896 turnam.''
418 1851 524 1896 Tum
561 1865 660 1896 vero
696 1852 845 1896 minari
879 1867 957 1897 nec
992 1851 1034 1897 id
1071 1853 1266 1911 ambigue
1299 1853 1504 1898 Priver-:3

146 1918 288 1960 uatem
315 1915 483 1974 quidam
516 1919 559 1960 ct
590 1915 670 1960 illis
702 1916 873 1961 vocibus
906 1916 958 1960 ad
986 1916 1271 1962 rebellandum
1299 1917 1467 1962 incitari

147 1984 318 2038 pacatos
358 1980 549 2038 populos,
580 1995 676 2038 pars
716 1980 862 2025 melior
896 1985 1068 2026 senatus
1103 1981 1156 2026 ad
1193 1982 1365 2027 meliora
1403 1997 1466 2028 re·

147 2059 302 2102 sponsa
326 2044 493 2089 trahere
520 2048 564 2089 et
592 2045 728 2089 dicere
758 2045 838 2089 viri
865 2049 908 2090 et
935 2045 1055 2090 liberi
1080 2060 1226 2092 vocem
1252 2046 1465 2092 auditam:

147 2123 202 2154 an
222 2108 337 2154 credi
358 2123 481 2168 posse
500 2109 633 2153 ullum
654 2109 855 2168 populum
876 2113 950 2154 aut
978 2109 1188 2156 hominem
1214 2111 1393 2170 denique
1420 2111 1465 2156 in

149 2187 201 2218 ea
218 2173 469 2227 conditione,
487 2173 609 2232 cujus
629 2189 725 2219 eum
741 2175 954 2232 poeniteat‚
970 2173 1129 2220 diutius
1149 2190 1274 2234 quam
1293 2191 1464 2221 necesse

151 2237 209 2284 sit
241 2239 519 2285 mansurum?
549 2237 610 2284 ibi
648 2253 791 2298 pacem
832 2253 925 2285 esse
963 2239 1087 2285 fidam
1127 2239 1202 2286 ubi
1238 2240 1465 2287 voluntarii
