1649 2452
199 84 279 122 468
525 85 572 124 T.
594 84 746 123 LIVII
775 84 1199 124 HISTORIARUM
1315 139 1374 179 [Δ.
1390 138 1418 171 c
1444 139 1507 172 34⁰

197 176 371 223 fortuna
397 192 473 237 per
502 178 735 224 socordiam
763 194 868 224 usus
897 194 984 224 non
1013 179 1083 233 sit,
1113 179 1228 225 hunc
1257 181 1347 225 tam
1372 195 1525 239 oppor-

195 244 351 288 tunum
377 243 525 288 collem
553 244 842 288 imminentem
868 244 998 303 capiti
1025 260 1103 289 suo
1129 260 1217 289 non
1247 248 1346 290 ante
1370 245 1524 290 viderit

197 322 322 366 quam
342 311 512 365 captum
536 323 561 352 a
579 307 714 359 nobis,
729 323 807 353 nos
827 311 913 352 tam
935 312 1218 366 paucos—tot
1239 309 1321 368 ipsi
1340 309 1524 358 millibus

195 371 548 417 hominum—nec
583 387 761 417 ascensu
800 374 982 418 arcuerit
1017 389 1095 418 nec
1135 378 1330 419 tenentes
1369 374 1524 429 locum,

195 451 331 494 quum
348 437 431 482 diei
450 440 617 481 tantum
635 441 888 495 superesset,
903 437 1012 482 vallo
1029 438 1372 483 circumdederit:
1399 454 1524 497 quem

193 501 407 546 videntem
437 517 485 546 ac
515 501 758 559 vigilantem
790 502 851 547 sic
883 502 1107 556 eluseritis,
1138 503 1324 561 sopitum
1353 507 1523 561 oportet

153 566 361 620 6fallat1‘s,
393 566 521 611 immo
553 581 724 611 necesse
756 571 834 611 est.
896 567 952 611 In
982 582 1031 611 eo
1063 567 1174 612 enim
1204 568 1296 613 loco
1323 583 1390 613 res
1419 573 1535 613 sunt-

191 634 361 687 nostrae,
392 635 442 675 ut
478 630 596 676 vobis
634 647 713 690 ego
743 631 878 690 magis
914 632 1180 676 necessitatis
1216 636 1367 677 vestrae
1398 632 1525 682 index

193 711 317 755 quam
353 696 516 741 consilii
551 700 699 741 auctor
735 697 841 741 sim:
889 712 1026 755 neque
1063 698 1186 752 enim,
1226 698 1430 742 maneatis
1470 713 1525 742 an

191 760 352 805 abeatis
385 761 495 814 hinc,
529 760 749 806 deliberari
788 764 943 819 potest,
978 777 1113 819 quum
1147 766 1301 819 praeter
1336 777 1451 806 arma
1480 766 1525 807 et

192 826 352 870 animos
390 841 602 870 armorum
637 842 841 871 memores
877 826 982 870 nihil
1017 826 1136 871 vobis
1172 826 1346 871 fortuna
1374 827 1526 886 reliqui

191 890 339 935 fecerit
377 891 570 949 fameque
605 894 650 936 et
686 891 758 935 siti
793 891 1057 936 moriendum
1092 891 1161 945 sit,
1200 891 1236 936 si
1271 891 1367 950 plus
1399 907 1525 949 quam

151 958 176 1002 7
191 955 302 1000 viros
332 971 380 1000 ac
410 956 626 1000 Romanos
656 955 776 1000 decet
806 957 963 1001 ferrum
995 957 1231 1001 timeamus.
1292 957 1409 1015 Ergo
1439 972 1525 1001 una

191 1024 258 1064 est
288 1020 400 1065 salus
432 1037 651 1079 erumpere
686 1021 785 1066 hinc
816 1025 943 1080 atque
974 1021 1114 1066 abire:
1152 1020 1198 1065 id
1230 1024 1304 1065 aut
1338 1021 1525 1066 interdiu

191 1091 265 1129 aut
301 1089 425 1131 nocte
458 1086 660 1130 faciamus
695 1090 890 1144 oportet:
924 1101 1020 1131 ecce
1057 1089 1199 1130 autem
1236 1085 1350 1130 aliud
1385 1086 1523 1131 minus
1549 1084 1552 1087 ’

191 1149 391 1195 dubium:
425 1150 579 1209 quippe
607 1151 644 1195 si
669 1150 743 1195 lux
773 1156 1054 1209 exspectetur,
1086 1167 1179 1209 quae
1207 1166 1303 1209 spes
1332 1157 1411 1204 est,
1438 1166 1524 1196 non

189 1215 298 1260 vallo
320 1220 525 1274 perpetuo
546 1216 745 1274 fossaque
764 1231 842 1260 nos
864 1220 1095 1274 saepturum
1115 1216 1294 1270 hostem,
1314 1217 1388 1274 qui
1408 1232 1522 1262 nunc

190 1280 436 1337 corporibus
472 1281 562 1326 suis
599 1281 802 1338 subjectis
838 1281 1024 1339 undique
1059 1282 1239 1326 cinxerit
1279 1284 1329 1325 ut
1369 1281 1522 1325 videtis

149 1345 350 1390 Scollem.
411 1346 559 1404 Atqui,
599 1347 637 1390 si
669 1361 755 1390 nox
792 1351 1031 1404 opportuna
1066 1350 1132 1391 est
1163 1346 1375 1404 eruptioni
1411 1346 1522 1390 sicut

190 1414 267 1464 est,
298 1411 388 1456 haec
416 1411 606 1469 profecto
637 1411 773 1456 noctis
806 1411 1024 1467 aptissima
1053 1411 1158 1456 hora
1185 1416 1278 1455 est:
1312 1411 1433 1469 signo
1459 1426 1524 1455 se-

189 1475 337 1521 cundae
357 1476 509 1534 vigiliae
530 1476 799 1529 convenistis,
824 1476 937 1534 quod
964 1481 1133 1535 tempus
1153 1476 1353 1521 mortales
1374 1491 1522 1521 somno

189 1540 392 1585 altissimo
414 1540 591 1598 premit:
624 1556 700 1599 per
722 1556 897 1598 corpora
924 1542 1063 1599 sopita
1083 1540 1245 1586 vadetis
1266 1541 1333 1585 vel
1354 1541 1522 1586 silentio

187 1605 380 1650 incautos
415 1605 609 1650 fallentes
643 1605 710 1650 vel
747 1606 1029 1650 sentientibus
1066 1607 1245 1651 clamore
1275 1605 1418 1650 subito
1449 1621 1522 1663 pa-

188 1685 331 1715 vorem
372 1670 594 1727 injecturi:
647 1686 714 1714 me
751 1670 873 1715 modo
915 1671 1149 1729 sequimini,
1187 1685 1310 1728 quem
1352 1670 1522 1728 sequuti

190 1736 317 1780 estis:
351 1751 431 1794 ego
468 1734 654 1788 eandem,
694 1751 786 1793 quae
823 1735 947 1780 duxit
981 1736 1078 1787 huc,
1111 1751 1261 1793 sequar
1291 1734 1520 1780 fortunam.

147 1807 171 1846 9
191 1799 359 1849 Quibus
395 1800 485 1845 haec
521 1799 723 1844 salutaria
752 1800 962 1856 videntur,
999 1799 1212 1859 agitedum
1249 1800 1294 1844 in
1330 1799 1518 1845 dextram

68 1867 174 1921 (36)
189 1870 354 1923 partem
385 1864 563 1923 pedibus
594 1865 819 1910 transite.”
882 1867 1039 1910 Omnes
1075 1865 1337 1909 transierunt
1367 1864 1521 1909 vaden-

188 1935 358 1988 temque
393 1945 469 1987 per
502 1929 744 1974 intermissa
778 1930 982 1975 custodiis
1019 1930 1110 1974 loca
1141 1929 1317 1973 Decium
1351 1930 1520 1987 sequuti

147 2006 171 2044 2
188 2000 302 2040 sunt.
355 1995 382 2038 J
385 2010 451 2038 am
473 2000 694 2039 evaserant
711 1994 849 2039 media
869 2000 1019 2047 castra,
1039 2010 1168 2051 quum
1187 1993 1520 2052 superscandens

187 2060 362 2119 vigilum
391 2063 526 2103 strata
553 2074 698 2103 somno
727 2074 903 2118 corpora
930 2059 1048 2104 miles
1077 2059 1237 2104 offenso
1265 2063 1388 2103 scuto
1415 2074 1520 2117 prae-

188 2125 282 2170 buit
314 2125 511 2178 sonitum,
535 2139 618 2183 quo
647 2124 856 2169 excitatus
878 2124 979 2182 vigil
1006 2139 1140 2181 quum
1168 2123 1404 2182 proximum
1432 2138 1521 2167 mo·

186 2190 319 2236 visset
347 2189 561 2247 erectique
589 2189 692 2233 alios
724 2189 1193 2247 concitarent—ignari,
1218 2188 1330 2233 cives
1353 2203 1406 2232 an
1426 2187 1520 2232 hos-

187 2257 256 2302 tes
276 2257 430 2309 essent,
453 2253 694 2313 praesidium
715 2257 954 2313 erumperet
976 2269 1030 2299 an
1057 2253 1204 2299 consul
1231 2257 1369 2298 castra
1389 2253 1520 2312 cepis-
