1649 2452
574 30 686 70 LIB.
718 30 769 69 X.
801 33 974 70 43—45.
1354 33 1427 71 657

114 87 385 175 Α.ἰέἓῗέωη
420 127 644 185 utriusque
678 127 891 172 exercitus
927 125 1109 170 Romani
1145 127 1262 170 auxit
1303 130 1347 171 et
1383 126 1553 177 ab(44>

112 194 246 239 altera
276 195 396 250 parte
429 191 608 236 feliciter
641 195 763 249 gesta
798 206 878 235 res.
942 190 1136 247 Uterque
1173 205 1225 234 cx
1261 190 1474 235 alterius2

56 307 62 312 ν
113 258 323 303 sententia
357 256 505 300 consul
546 259 716 313 captum
756 255 956 313 oppidum
993 253 1273 311 diripiendum
1310 256 1435 300 militi

61 325 70 333 '
113 321 240 375 dedit,
270 321 486 366 exhaustis
515 319 665 364 deinde
693 320 818 364 tectis
846 320 987 377 ignem
1016 319 1174 376 injecit,
1204 318 1434 377 eodemque

111 385 179 431 die
208 385 435 445 Aquilonia
464 389 507 429 et
534 384 771 429 Cominium
801 384 1097 442 deflagravere.
1159 383 1218 427 Et
1239 385 1432 429 consules
1450 388 1473 423 3

111 464 208 495 cum
237 449 520 508 gratulatione
550 452 699 492 mutua
728 448 940 507 legionum
973 462 1133 506 suaque
1165 452 1304 492 castra
1335 463 1433 492 con-

108 514 309 571 junxere:
340 513 386 558 in
405 517 635 571 conspectu
660 512 839 557 duorum
870 512 1133 557 exercituum
1163 515 1207 556 et
1230 512 1433 556 Carvilius

111 593 211 624 suos
240 593 317 637 pro
346 578 553 636 cujusque
582 577 733 622 merito
763 576 950 622 laudavit
981 576 1248 634 donavitque,
1282 582 1326 621 et
1357 577 1434 620 Pa-

109 643 255 702 pirius,
284 641 396 700 apud
424 657 548 700 quem
577 641 798 699 multiplex
825 641 870 686 in
897 641 985 686 acie
1013 641 1124 685 circa
1153 646 1293 685 castra
1323 641 1434 685 circa

111 707 257 752 urbem
278 707 417 750 fuerat
438 710 662 759 certamen,
687 707 758 764 Sp.
781 705 991 750 Nautium
1018 705 1089 762 Sp.
1112 705 1328 762 Papirium
1352 706 1434 749 fra-

107 771 188 815 tris
209 771 339 815 filium
370 774 414 815 et
440 774 642 828 quattuor
669 770 937 814 centuriones
967 768 1309 827 manipulumque
1339 769 1434 814 has-

107 839 297 880 tatorum
327 835 498 879 armillis
534 835 756 892 aureisque
796 834 961 879 coronis
1002 833 1188 889 donavit,
1224 833 1434 878 Nautium

108 904 283 958 propter
311 899 633 957 expeditionem,
662 913 745 956 qua
774 898 917 956 magni
937 898 1115 956 agminis
1143 897 1269 941 modo
1297 902 1434 942 terru-

110 970 200 1008 erat
231 965 387 1018 hostes,
414 964 614 1022 juvenem
645 963 862 1021 Papirium
893 967 1066 1021 propter
1100 967 1297 1006 navatam
1337 977 1433 1007 cum

109 1031 305 1090 equitatu
335 1034 379 1075 et
406 1030 450 1075 in
480 1029 624 1087 proelio
655 1044 822 1087 operam
855 1033 898 1073 et
926 1034 1064 1082 nocte,
1088 1029 1186 1086 quia
1206 1029 1351 1087 fugam
1371 1030 1434 1074 in-

106 1096 260 1140 festam
299 1094 556 1139 Samnitibus
590 1093 641 1138 ab
681 1093 909 1152 Aquilonia
948 1093 1055 1138 clam
1096 1093 1278 1152 egressis
1318 1094 1432 1147 fecit,

109 1159 375 1205 centuriones
410 1159 662 1217 militesque,
695 1158 794 1216 quia
825 1158 949 1216 primi
981 1160 1146 1216 portam
1179 1173 1432 1217 murumque

105 1224 344 1283 Aquiloniae
369 1227 594 1282 ceperant:
626 1224 790 1280 equites
820 1237 965 1267 omnes
1000 1221 1054 1267 ob
1085 1221 1292 1280 insignem
1327 1223 1432 1267 mul-

106 1289 164 1333 tis
185 1289 286 1333 locis
317 1303 486 1346 operam
513 1287 736 1333 corniculis
763 1286 1020 1345 armillisque
1047 1287 1258 1343 argenteis
1288 1286 1429 1331 donat.

109 1353 343 1398 Consilium
374 1352 472 1397 inde
502 1352 709 1406 habitum,
736 1367 867 1410 quum
893 1354 985 1409 jam
1012 1355 1180 1409 tempus
1214 1355 1327 1396 esset
1360 1350 1430 1396 de·
1447 1362 1472 1397 -ι

106 1417 289 1463 ducendi
324 1417 376 1462 ab
406 1417 575 1461 Samnio
605 1417 816 1461 exercitus
847 1421 922 1460 aut
954 1417 1177 1474 utriusque
1209 1420 1283 1460 aut
1317 1420 1430 1460 certe

106 1482 281 1527 alterius
302 1498 312 1527 :
343 1482 549 1540 optimum
570 1481 719 1534 visum,
744 1496 826 1540 quo
846 1480 980 1539 magis
1013 1481 1158 1525 fractae
1178 1496 1246 1525 res
1269 1480 1431 1525 Samni-

105 1547 213 1592 tium
238 1553 394 1601 essent,
415 1561 465 1591 eo
495 1547 749 1604 pertinacius
771 1550 813 1590 et
838 1545 1034 1590 infestius
1062 1560 1186 1603 agere
1214 1554 1366 1590 caetera
1386 1555 1429 1590 et

103 1612 314 1670 persequi,
346 1614 396 1655 nt
425 1610 706 1669 perdomitum
738 1610 952 1654 Samnium
983 1609 1303 1668 insequentibus
1331 1625 1428 1655 con·

105 1675 268 1721 sulibus
307 1674 419 1720 tradi
458 1679 627 1733 posset:
670 1673 836 1732 quando
871 1674 958 1731 jam
998 1673 1140 1719 nullus
1180 1678 1293 1719 esset
1333 1674 1429 1719 hos-

105 1740 215 1785 tium
244 1740 468 1793 exercitus,
501 1739 574 1797 qui
603 1739 735 1796 signis
767 1739 930 1783 collatis
962 1737 1237 1783 dimicaturus
1268 1738 1427 1784 videre-

103 1808 189 1858 tur,
212 1805 341 1865 unu*
364 1819 582 1861 superesse
603 1803 702 1848 beili
722 1819 856 1861 genus
885 1802 1052 1847 urbium
1073 1803 1424 1861 oppugnationes,

103 1885 285 1928 quarum
314 1884 389 1927 per
414 1867 576 1913 excidia
601 1867 776 1912 militem
809 1867 1065 1925 locupletare
1094 1867 1237 1924 praeda
1265 1872 1309 1912 et
1329 1868 1427 1912 hos-

102 1937 192 1979 tem
224 1949 301 1993 pro
336 1933 419 1977 aris
459 1947 508 1977 ac
539 1933 645 1977 focis
685 1932 953 1977 dimicantem
988 1932 1192 1977 conficere
1225 1936 1423 1990 possent:

106 1998 249 2057 itaque
275 1998 431 2042 litteris
467 1996 606 2041 missis
642 1996 697 2041 ad
726 2001 919 2041 senatum
952 1996 1238 2055 populumque
1272 1997 1425 2041 Roma·

102 2077 205 2107 num
225 2063 277 2108 de
297 2062 423 2107 rebus
445 2061 497 2106 ab
518 2077 563 2106 se
583 2061 717 2118 gestis
738 2060 894 2105 diversi
919 2060 1115 2118 Papirius
1137 2061 1191 2106 ad
1211 2061 1424 2120 Saepinum

100 2125 311 2173 Carvilius
331 2125 385 2171 ad
406 2125 572 2170 Veliam
594 2125 918 2184 oppugnandam
938 2125 1125 2183 legiones
1147 2126 1322 2171 ducunt.

98 2194 102 2197 ’
157 2191 339 2237 Litterae
367 2190 588 2237 consulum
622 2189 788 2248 ingenti
821 2189 970 2236 laetitia
998 2194 1043 2235 et
1077 2190 1123 2236 in
1151 2190 1271 2239 curia
1301 2195 1347 2238 et
1377 2192 1424 2240 in
1444 2194 1548 2246 (45)

160 2271 230 2297 uv.
247 2271 337 2298 Βιετ.
356 2273 382 2300 ι.
736 2268 769 2300 U
787 2269 818 2296 n
