1649 2452
561 85 829 128 LIB.V111.
863 87 1031 126 36—38.
1377 85 1455 124 529

136 137 179 168 Δ.
197 136 232 167 C.
251 135 341 176 320.]

136 176 276 222 bunus
310 135 444 234 plebis
479 175 579 221 tulit
614 176 668 221 ad
697 176 898 236 populum
926 181 976 221 ut
1006 175 1051 220 in
1080 175 1336 221 Tusculanos
1367 179 1454 222 ani-

135 241 483 295 madverteretur,
515 256 694 299 quorum
723 256 802 299 ope
837 256 886 286 ac
920 239 1092 286 consilio
1127 239 1335 285 Veliterni
1364 241 1454 286 Pri·

133 310 412 363 vernatesque
433 305 588 363 populo
609 305 802 350 Romano
817 305 970 350 bellum
992 304 1203 349 fecissent.
1265 304 1452 364 Populus
1465 315 1488 352 8

132 368 396 414 Tusculanus
432 385 529 414 cum
564 369 814 428 conjugibus
851 384 900 414 ae
931 368 1072 414 liberis
1102 368 1280 412 Romam
1312 371 1451 415 venit:

130 447 181 477 ea
207 433 436 478 multitudo
465 436 584 478 veste
611 438 776 478 mutata
802 438 845 478 et
866 433 1004 491 specie
1030 447 1194 478 reorum
1217 433 1352 478 tribus
1373 435 1452 479 cir-

129 492 218 536 cuit
248 492 427 551 genibus
458 507 503 536 se
533 492 720 536 omnium
751 492 1000 537 advolvens:
1033 491 1129 549 plus
1160 492 1302 550 itaque
1331 493 1452 538 misc·

131 555 307 601 ricordia
346 556 400 600 ad
440 571 572 614 poenae
613 556 779 601 veniam
820 555 1124 613 impetrandam
1164 571 1295 613 quam
1326 571 1452 602 causa

127 619 180 664 ad
223 620 385 665 crimen
425 619 690 678 purgandum
731 620 891 665 valuit:
936 620 1072 665 tribus
1113 635 1257 665 omnes
1298 625 1452 678 praeter

128 684 303 729 Polliam
331 685 606 742 antiquarunt
635 685 783 743 legem.
845 685 991 730 Polliae
1019 684 1229 729 sententia
1256 685 1350 739 fuit,
1373 693 1487 744 pu-9

125 748 246 794 beres
269 749 510 794 verberatos
531 750 684 804 necari,
705 750 905 808 conjuges
932 750 1169 822 liberosque
1195 749 1274 794 sub
1295 764 1450 794 corona

123 813 217 872 lege
257 813 355 858 belli
388 814 558 858 tenire:
591 814 916 872 memoriamque
956 815 1046 872 ejus
1087 814 1159 858 irae
1198 814 1447 860 Tusculanis

122 877 168 921 in
206 893 339 935 poenae
379 881 467 921 tam
510 879 664 922 atrocis
705 882 898 923 auctores
946 878 1147 923 mansisse
1187 877 1241 922 ad
1279 882 1448 937 patrum

123 945 290 986 aetatem
325 946 503 997 constat,
534 957 612 986 nec
643 957 892 1001 quemquam
923 943 1052 988 ferme
1083 958 1136 987 cx
1165 942 1300 988 Pollia
1331 943 1447 989 tribu

122 1006 390 1051 candidatum
412 1006 621 1063 Papiriam
644 1007 753 1051 ferre
775 1007 957 1051 solitum.

180 1071 429 1130 Insequenti
468 1086 577 1115 anno
609 1071 664 1120 Q.
687 1071 817 1116 Fabio
852 1071 904 1116 L.
927 1071 1076 1116 Fulvio
1107 1071 1347 1118 consulibus
1387 1074 1439 1119 A„
1455 1075 1560 1129 (38)

122 1135 343 1182 Cornelius
363 1136 524 1180 Arvina
554 1135 736 1180 dictator
765 1141 809 1181 et
830 1136 893 1181 M.
915 1136 1072 1181 Fabius
1092 1137 1328 1182 Ambustus
1358 1153 1443 1182 ma-

119 1201 255 1258 gister
293 1201 483 1260 equitum
523 1204 642 1246 metu
671 1201 875 1259 gravioris
905 1202 953 1246 in
989 1202 1157 1246 Samnio
1188 1202 1443 1248 belli—eon-

120 1265 249 1311 ducta
282 1267 394 1311 enim
429 1266 564 1324 pretio
601 1280 627 1310 a
655 1265 844 1310 finitimis
870 1266 1072 1325 juventus
1103 1266 1443 1312 dicebatur—in-

119 1331 302 1376 tentiore
337 1330 494 1376 dilectu
529 1330 675 1375 habito
717 1331 933 1390 egregium
969 1331 1201 1376 exereitum
1240 1331 1440 1377 adversus

121 1395 329 1441 Samnites
371 1395 595 1440 duxerunt.
658 1395 810 1440 Castra
847 1395 892 1440 iu
932 1395 1094 1441 hostico
1134 1396 1341 1442 incuriose
1379 1398 1477 1442 ita2

118 1461 257 1518 posita
295 1465 508 1519 tamquam
548 1460 695 1519 procul
735 1460 901 1505 abesset
941 1460 1088 1513 hostis,
1127 1477 1256 1519 quum
1296 1461 1438 1507 subito

118 1525 323 1570 advenere
357 1525 610 1570 Samnitium
641 1525 827 1584 legiones
862 1530 984 1570 tanta
1014 1525 1170 1571 ferocia
1200 1531 1250 1570 ut
1280 1527 1434 1572 vallum

117 1606 250 1650 usque
292 1591 345 1636 ad
385 1592 607 1636 stationem
646 1591 881 1636 Romanam
920 1591 1136 1636 inferrent.
1211 1591 1313 1637 Nox
1348 1593 1471 1651 jaina

116 1655 354 1714 adpetebat,
389 1655 433 1700 id
471 1655 686 1714 prohibuit
724 1657 985 1701 munimenta
1019 1656 1198 1701 adoriri:
1239 1672 1317 1702 nec
1352 1657 1436 1702 dis-

115 1722 367 1767 simulabant
402 1726 497 1767 orta
528 1722 622 1767 luce
654 1726 824 1781 postero
860 1722 927 1768 die
962 1722 1161 1768 facturos
1222 1723 1431 1778 Dictator,
1446 1733 1472 1770 4

114 1786 188 1831 ubi
218 1787 453 1846 propiorem
481 1802 555 1845 spe
583 1787 891 1832 dimicationem
917 1786 1037 1842 vidit,
1064 1803 1117 1832 ne
1144 1787 1326 1832 militum
1351 1789 1432 1833 vir·

112 1853 199 1897 tuti
219 1851 370 1896 damno
390 1852 508 1897 locus
536 1855 662 1904 esset,
682 1851 851 1910 ignibus
872 1851 1028 1897 crebris
1056 1852 1213 1896 relictis
1234 1852 1308 1911 qui
1333 1867 1432 1897 cou-

112 1923 304 1975 spectum
324 1917 511 1962 hostiurn
538 1917 857 1969 frustrarentur,
881 1916 1048 1961 silentio
1067 1916 1252 1975 legiones
1273 1915 1428 1970 educit,

110 1995 189 2026 nec
208 1987 350 2026 tamen
370 1981 512 2026 fallere
534 1985 706 2039 propter
725 1982 1083 2040 propinquitatem
1104 1986 1335 2026 castrorum
1356 1998 1429 2040 po-

110 2046 208 2091 tuit.
269 2046 412 2105 Eques
448 2046 659 2104 extemplo
698 2046 950 2105 insequutus
986 2046 1046 2090 ita
1076 2046 1233 2091 institit
1273 2048 1463 2106 agmini5

109 2113 173 2164 ut,
204 2110 337 2156 donee
374 2110 617 2164 lucesceret,
650 2111 794 2169 proelio
829 2110 1086 2156 abstineret:
1127 2126 1181 2156 ne
1210 2110 1427 2170 pedestres

111 2174 278 2234 quidem
298 2175 427 2234 copiae
449 2180 546 2221 ante
572 2175 709 2221 lucem
729 2176 879 2220 castris
909 2191 1116 2235 egressae:
1148 2191 1276 2235 eques
1297 2191 1426 2221 ausus

110 2238 204 2284 luce
234 2239 403 2285 demum
432 2241 645 2287 incursare
674 2241 718 2286 in
744 2240 910 2286 hostem
941 2239 1148 2300 carpendo
1177 2241 1424 2287 novissimos

171 2321 240 2346 m.
255 2322 346 2348 nist.
363 2322 389 2348 1.
727 2317 765 2350 Μ
783 2320 825 2350 m
