1649 2452
274 120 355 161 412
599 121 645 162 T.
666 117 816 161 LIVII
847 116 1265 161 HISTORIARUM
1381 174 1438 212 [A.
1456 174 1492 204 c.
1509 170 1584 206 3⁷3·

276 215 382 259 alter
402 230 455 259 ex
476 214 595 273 plebe
623 222 836 260 crearetur
849 219 1072 260 z—cuncta
1098 215 1285 274 ingentia
1305 217 1347 259 et
1375 230 1468 272 quae
1495 215 1585 259 sine

234 283 260 320 4
275 279 502 324 certamine
522 280 702 324 maximo
722 279 901 324 obtineri
929 295 1013 324 non
1041 284 1224 338 possent.
1286 278 1484 323 Omnium
1511 278 1586 336 igi-

274 346 349 387 tur
373 343 499 388 simul
524 359 675 397 rerum,
703 359 884 401 quarum
912 343 1132 388 immodica
1163 342 1314 400 cupido
1340 342 1452 387 inter
1477 357 1588 386 mor-

274 406 380 451 tales
402 408 616 465 est—agri
636 407 821 465 pecuniae
841 407 1345 452 honorum—discrimine
1372 406 1588 464 proposito

275 472 494 516 conterriti
525 476 664 529 patres
696 486 824 528 quum
854 471 1152 529 trepidassent,
1185 470 1362 529 publicis
1398 470 1589 527 privatis·

275 550 357 593 que
377 536 562 580 consiliis
582 535 697 579 nullo
718 534 902 598 remedio
923 535 1002 579 alio
1024 541 1176 593 praeter
1203 539 1418 592 expertam
1445 534 1590 578 multis

272 599 360 657 jam
388 604 486 644 ante
516 599 813 644 certaminibus
840 599 1180 643 intercessionem
1209 600 1380 643 invento
1410 599 1591 656 collegas

275 663 474 708 adversus
495 663 739 708 tribunicias
761 664 999 721 rogationes
1021 670 1389 721 comparaverunt:
1418 663 1503 720 qui,
1519 662 1592 707 ubi

274 727 411 772 tribus
433 727 485 772 ad
513 728 759 785 suffragium
786 727 1014 771 ineundum
1043 728 1164 771 citari
1184 743 1209 771 a
1238 727 1400 772 Licinio
1430 727 1595 771 Sextio-

277 807 358 850 que
389 791 595 844 viderunt,
625 792 770 848 stipati
801 797 968 849 patrum
998 791 1201 849 praesidiis
1229 807 1306 836 nec
1333 791 1501 835 recitari
1531 806 1594 835 ro-

275 856 468 913 gationes
505 872 582 901 nec
617 856 814 901 sollemne
846 856 1067 914 quicquam
1109 856 1221 900 aliud
1252 855 1303 900 ad
1334 855 1594 900 sciscendum

235 927 258 963 5
275 920 386 979 plebi
420 921 510 965 fieri
543 921 655 978 passi
690 927 805 965 sunt.
867 921 1046 978 Jamque
1080 921 1240 965 frustra
1271 936 1380 978 saepe
1421 919 1596 965 concilio
1647 961 1649 965 Α

275 984 477 1029 advocato
500 1001 627 1044 quum
651 1001 725 1043 pro
747 985 976 1042 antiquatis
999 985 1237 1044 rogationes
1259 989 1413 1037 essent,
1439 984 1596 1028 “Bene

274 1048 429 1093 habet''
452 1049 589 1107 inquit
620 1049 814 1093 Sextius:
839 1049 1049 1107 “quando
1078 1049 1245 1109 quidem
1275 1054 1439 1093 tantum
1467 1048 1597 1092 inter-

275 1114 503 1158 cessionem
537 1114 692 1172 pollere
724 1114 872 1172 placet,
899 1114 982 1158 isto
1011 1115 1102 1172 ipso
1133 1114 1217 1158 telo
1248 1113 1483 1158 tutabimur
1515 1113 1598 1171 ple-

234 1183 257 1221 6
274 1176 382 1222 bem.
442 1178 671 1236 Agitedum
695 1178 866 1222 comitia
894 1177 1077 1232 indicite,
1105 1184 1258 1236 patres,
1282 1177 1463 1222 tribunis
1491 1177 1599 1222 111111-

276 1246 368 1286 111111
401 1242 615 1287 creandis:
648 1243 745 1286 faxo
776 1258 829 1287 ne
858 1245 981 1300 juvet
1011 1258 1092 1287 vox
1121 1243 1204 1287 ista
1225 1256 1349 1295 vmo,
1374 1257 1457 1300 qua
1486 1256 1599 1286 nunc

237 1313 260 1354 7
277 1307 543 1351 concinentes
573 1307 753 1379 collegas
780 1318 949 1351 nostros
979 1311 1067 1350 tam
1094 1307 1181 1351 laeti
1209 1306 1375 1350 auditis.
1379 1307 1405 1325 '²
1468 1305 1599 1350 Haud

276 1371 407 1416 irritae
429 1371 614 1416 cecidere
646 1372 795 1415 minae:
829 1371 996 1415 comitia
1028 1378 1179 1428 praeter
1200 1371 1380 1416 aedilium
1409 1370 1601 1415 tribuno-
1645 1401 1649 1455 1

277 1451 454 1493 rumque
483 1435 593 1494 plebi
626 1436 740 1480 nulla
771 1439 870 1480 sunt
911 1435 1080 1480 habita:
1122 1436 1312 1481 Licinius
1345 1435 1599 1493 Sextiusque
1646 1463 1649 1480 1

276 1499 437 1544 tribuni
464 1500 597 1555 plebis
627 1500 776 1545 refecti
809 1500 944 1544 nullos
968 1499 1134 1544 curules
1165 1499 1439 1558 magistratus
1467 1499 1600 1544 creari

277 1565 389 1621 passi
421 1569 548 1608 sunt.
581 1580 712 1622 eaque
744 1564 926 1609 solitudo
958 1564 1282 1622 magistratuum
1314 1568 1357 1608 et
1387 1563 1507 1622 plebe
1534 1579 1603 1609 re-

278 1628 443 1673 ficiente
471 1628 575 1673 duos
611 1629 803 1673 tribunos
833 1634 877 1673 et
913 1629 963 1672 iis
993 1629 1161 1673 comitia
1190 1628 1457 1674 tribunorum
1492 1628 1600 1674 mili-
1643 1670 1649 1692 ἶ

278 1695 369 1737 111111
391 1692 636 1737 1011611111)115
659 1709 732 1751 per
754 1693 1083 1751 quinquennium
1105 1693 1251 1738 urbem
1272 1693 1424 1737 tenuit.

162 1756 262 1811 (36)
338 1757 434 1801 Alia
463 1757 571 1802 bella
591 1763 826 1815 opportune
859 1758 1078 1814 quievere:
1112 1758 1319 1802 Veliterni
1340 1757 1476 1802 coloni
1505 1773 1601 1816 ges·
1648 1802 1649 1806 ,

279 1821 434 1866 tientes
466 1822 567 1876 otio,
598 1822 710 1880 quod
740 1822 879 1866 nullus
912 1822 1121 1866 exercitus
1155 1822 1371 1866 Romanus
1403 1833 1529 1875 esset,
1556 1827 1600 1867 et
1643 1830 1649 1868 J

279 1901 425 1944 agrum
455 1885 694 1930 Romanum
725 1886 975 1945 aliquotiens
1003 1887 1266 1931 incursavere
1294 1891 1336 1930 et
1367 1886 1599 1931 Tusculum
1639 1880 1649 1959 ξ

278 1964 520 2008 oppugnare
550 1949 686 1995 adorti
715 1957 839 1995 sunt:
873 1966 1002 2008 eaque
1024 1966 1090 1995 res
1118 1950 1365 1995 Tusculanis
1387 1951 1600 1996 veteribus
1640 1962 1647 2011 ’r

278 2014 403 2058 sociis
424 2015 542 2058 novis
571 2014 732 2059 civibus
753 2030 874 2073 opem
905 2014 1122 2059 orantibus
1145 2015 1395 2059 verecundia
1421 2015 1600 2061 maxime
1639 2034 1642 2039 ·

279 2093 364 2123 non
396 2085 535 2136 patres
563 2079 686 2124 modo
717 2081 790 2124 sed
818 2079 943 2124 etiam
972 2079 1132 2136 plebem
1163 2080 1318 2124 movit:
1349 2079 1601 2125 remittenti·

279 2142 359 2188 bus
380 2143 560 2188 tribunis
591 2144 721 2201 plebis
751 2144 918 2189 comitia
946 2159 1019 2201 per
1048 2144 1300 2203 interregem
1329 2148 1429 2189 sunt
1456 2144 1602 2190 habita

281 2207 493 2266 creatique
524 2208 683 2252 tribuni
715 2209 892 2253 militum
928 2207 980 2252 L.
1011 2207 1164 2253 Furius
1196 2211 1248 2253 A.
1279 2208 1466 2253 Manlius
1508 2208 1599 2255 Ser.

282 2271 494 2331 Sulpicius
515 2273 603 2319 Ser.
627 2273 848 2319 Cornelius
873 2272 924 2319 P.
945 2277 989 2319 et
1017 2271 1067 2319 C.
1089 2272 1248 2320 Valerii
1276 2273 1600 2333 haudquaquam
