1649 2452
164 115 241 154 564
481 115 524 155 T.
551 114 699 153 LIVII
733 114 1149 154 HISTORIARUM
1275 169 1374 208 [A.c
1402 169 1462 203 318

158 221 260 264 pore
294 209 339 252 et
374 222 457 265 qua
491 223 545 253 ex
578 211 698 266 parte
732 208 899 253 hostem
938 208 1251 266 adgrederetur,
1285 209 1478 255 substitit

120 277 143 314 5
160 271 349 316 occultus
380 271 432 316 ad
460 272 599 316 omnia
628 272 731 316 satis
762 273 989 330 exploratis
1020 273 1216 318 consiliiS.
1280 274 1479 319 Dictator

159 354 290 396 quum
320 354 394 395 per
424 338 581 395 aliquot
613 338 701 382 dies
732 342 828 396 post
860 355 1042 398 pugnam
1073 339 1350 384 continuisset
1379 355 1478 385 suos

157 403 270 447 intra
289 403 443 446 vallum
471 402 634 446 obsessi
664 403 797 459 magis
825 418 948 460 quam
977 403 1207 448 obsidentis
1235 405 1371 457 modo,
1394 405 1479 463 sig-

158 482 258 512 num
289 470 461 524 repente
497 481 652 524 pugnae
684 468 916 524 proposuit,
949 471 993 512 et
1028 468 1235 512 efficacius
1270 472 1389 512 ratus
1425 467 1478 512 ad

158 529 443 576 accendendos
464 530 650 575 virorum
668 530 844 575 fortium
872 532 1031 576 animos
1053 532 1207 576 nullam
1229 531 1327 576 alibi
1353 547 1478 590 quam

156 595 202 640 in
241 597 374 639 semet
413 594 506 652 ipso
547 594 742 652 cuiquam
781 595 970 640 relictam
1012 611 1141 653 spem,
1185 595 1236 640 de
1279 597 1478 653 magistro

157 660 348 717 equitum
369 673 561 716 novoque
588 659 778 704 exercitu
804 659 979 704 militem
1006 660 1169 713 celavit,
1192 663 1236 704 et
1263 664 1478 718 tamquam

156 723 272 767 nulla
291 723 374 767 nisi
393 722 437 766 in
465 723 685 780 eruptione
713 739 807 781 spes
836 732 962 777 esset,
988 724 1181 768 “Locis''
1204 724 1341 782 inquit
1365 729 1391 747 “
1405 739 1479 768 an-

156 787 308 846 gustis,
329 787 497 840 milites,
527 787 774 844 deprehensi
801 788 883 833 nisi
912 804 1038 846 quam
1065 788 1243 833 victoria
1270 789 1478 846 patefece-

156 852 287 896 rimus
308 851 420 896 viam
440 850 595 895 nullam
618 851 844 896 habemus:
878 853 1033 897 stativa
1052 855 1198 897 nostra
1217 853 1477 898 munimento

157 916 260 961 satis
288 918 385 960 tuta
412 920 512 959 sunt
541 915 615 960 sed
641 916 783 974 inopia
809 916 954 961 eadem
980 916 1146 970 infesta,
1168 931 1267 960 nam
1295 921 1339 961 et
1367 917 1479 962 circa

157 980 298 1025 omnia
332 979 577 1024 defecerunt
612 979 724 1024 unde
764 980 940 1025 subvehi
975 984 1230 1025 commeatus
1265 984 1474 1039 poterant,

158 1048 215 1100 et,
251 1044 288 1088 si
321 1059 465 1089 omnes
501 1046 651 1102 juvare
690 1044 833 1098 velint,
869 1045 1013 1103 iniqua
1046 1045 1137 1089 loca
1172 1050 1296 1089 sunt:
1334 1046 1478 1104 itaque

156 1123 243 1153 non
268 1108 504 1153 frustrabor
532 1124 610 1167 ego
638 1123 713 1153 vos
742 1113 881 1154 castra
908 1109 975 1154 hic
1002 1109 1287 1168 relinquendo,
1314 1110 1358 1154 in
1385 1126 1478 1167 quae

156 1172 313 1218 infecta
332 1173 512 1218 victoria
532 1174 652 1218 sicut
682 1173 859 1230 pristino
888 1173 954 1218 die
983 1188 1056 1218 vos
1085 1173 1319 1232 recipiatis:
1353 1175 1478 1219 armis

156 1237 417 1282 munimenta
454 1253 540 1282 non
578 1238 849 1282 munimentis
885 1253 1000 1282 arma
1034 1241 1132 1282 tuta
1170 1253 1262 1282 esse
1297 1237 1475 1283 debent:

157 1305 295 1347 castra
324 1301 505 1347 habeant
539 1306 817 1361 repetantque
853 1302 1004 1361 quibus
1037 1317 1174 1361 operae
1209 1306 1274 1347 est
1310 1303 1478 1348 trahere

156 1366 335 1412 bellum:
372 1382 449 1411 nos
490 1367 676 1412 omnium
711 1382 852 1411 rerum
891 1371 1131 1425 respectum
1165 1370 1318 1425 praeter
1353 1383 1478 1426 quam

156 1431 342 1476 victoriae
362 1431 482 1476 nobis
510 1431 795 1476 abscidamus:
828 1432 936 1477 ferte
965 1433 1085 1490 signa
1113 1433 1158 1476 in
1183 1432 1373 1477 hostem:
1405 1432 1479 1477 ubi

157 1500 278 1541 extra
298 1496 451 1540 vallum
473 1512 623 1555 agmen
638 1497 877 1552 excesserit,
894 1502 1033 1541 castra
1054 1497 1205 1555 quibus
1226 1497 1478 1555 imperatum

157 1564 223 1605 est
244 1560 494 1606 incendant:
527 1560 678 1605 damna
697 1565 851 1614 vestra,
875 1562 1042 1614 milites,
1067 1561 1254 1606 omnium
1275 1561 1385 1606 circa
1405 1561 1479 1619 qui

119 1638 142 1674 6
160 1625 402 1670 defecerunt
424 1624 673 1684 populorum
694 1625 835 1683 praeda
865 1626 1143 1671 sarcientur.''
1204 1625 1262 1670 Et
1290 1625 1479 1670 oratione

161 1690 392 1743 dictatoriS‚
425 1705 518 1748 quae
547 1690 812 1735 necessitatis
843 1690 1002 1735 ultimae
1033 1689 1160 1735 index
1189 1693 1292 1745 erat,
1323 1689 1478 1734 milites

158 1755 323 1800 accensi
343 1754 503 1800 vadunt
530 1754 576 1799 in
601 1754 780 1808 hostem,
803 1757 846 1799 et
874 1758 1092 1813 respectus
1119 1755 1209 1813 ipse
1240 1754 1477 1799 ardentium

158 1824 404 1874 castrorum,
431 1834 684 1878 quamquam
711 1820 910 1877 proximis
938 1820 1224 1864 tantum—ita
1252 1819 1363 1863 enim
1384 1821 1479 1875 jus-

159 1888 272 1929 serat
307 1884 655 1942 dictator—iguis
696 1889 762 1928 est
798 1883 1005 1939 subditus,
1038 1883 1150 1928 haud
1185 1898 1360 1941 parvum
1395 1883 1479 1927 suit

158 1949 493 1994 irritamentum:
523 1948 666 2007 itaque
694 1948 811 1993 velut
836 1949 1035 1993 vecordes
1064 1948 1170 1993 illati
1197 1948 1316 2006 sIgna
1345 1948 1479 2005 primo

158 2013 320 2071 impetu
350 2013 535 2057 hostium
565 2012 751 2067 turbant,
782 2017 825 2057 et
856 2013 900 2057 iu
929 2017 1130 2071 tempore,
1160 2018 1383 2070 postquam
1414 2026 1480 2055 ar-

160 2077 302 2122 dentia
337 2078 482 2136 procul
512 2077 616 2122 vidit
647 2083 796 2130 castra,
827 2077 1028 2136 magister
1058 2075 1349 2135 equitum—id
1380 2091 1480 2120 con·

122 2147 329 2196 7vcnerat
364 2142 776 2200 signum—hostium
813 2147 934 2199 terga
968 2141 1140 2186 invadit.
1204 2142 1272 2184 Ita
1307 2140 1479 2184 circum-

158 2207 274 2252 venti
306 2207 513 2251 Samnites
545 2222 626 2265 qua
657 2211 797 2265 potest
828 2207 1003 2265 quisque
1035 2205 1180 2264 sugam
1211 2219 1285 2262 per
1315 2203 1480 2249 diversa

158 2273 335 2331 petunt:
367 2271 515 2330 ingens
535 2270 762 2316 multitudo
783 2271 826 2316 in
854 2286 983 2315 unum
1010 2275 1130 2318 metu
1153 2267 1405 2327 malobata
1430 2282 1479 2314 ac
