1649 2452
162 133 365 176 A.(·.291.]
625 80 736 124 LIB.
768 80 819 124 X.
848 83 913 131 36,
933 80 995 125 37.
1409 80 1487 125 647

161 179 325 224 sectus:
358 178 427 222 eui
458 177 511 222 de
544 177 758 236 triumpho
794 178 938 236 agenti
973 179 1153 235 negatus
1190 175 1323 220 honos
1355 179 1398 220 ct
1431 176 1486 221 ob

160 244 314 288 amissa
331 245 399 287 tot
420 242 549 287 millia
568 242 750 288 militum
770 246 814 288 et
835 241 950 301 quod
969 241 1158 300 captivos
1180 241 1269 286 sine
1290 241 1485 299 pactione

159 306 240 352 sub
255 307 408 366 jugum
429 307 627 352 misisset.

219 371 379 416 Consul
398 371 505 416 alter
531 371 794 424 Postumius,
822 371 920 431 quia
947 371 991 416 in
1019 369 1278 415 Samnitibus
1307 371 1484 415 materia
1497 372 1598 431 (37)

160 435 259 482 belli
279 436 436 490 deerat,
457 437 676 481 Etruriam
695 436 945 482 transducto
965 435 1160 481 exercitu
1188 435 1370 493 primum
1390 450 1485 493 per-

160 505 400 547 vastaverat
431 501 742 546 Vulsiniensem
774 516 935 558 agrum,
969 500 1066 545 dein
1094 515 1192 545 eum
1221 500 1403 557 egressis
1434 499 1486 545 ad

160 565 342 611 tuendos
363 567 466 610 fines
488 565 601 610 haud
621 565 766 624 procul
795 565 1002 611 moem‘bus
1035 565 1222 623 ipsorum
1242 564 1457 624 depugnat
1475 585 1485 610 :

161 629 247 675 duo
267 630 396 675 millia
414 630 652 688 octingenti
682 630 961 676 Etruscorum
992 630 1102 684 eaesi,
1123 633 1298 675 eaeteros
1318 629 1488 687 propin-

161 695 302 754 quitas
322 694 439 740 urbis
469 699 611 740 tutata
630 699 709 740 est.
771 695 826 739 In
856 694 1133 739 Rusellanum
1161 709 1310 753 agrum
1330 695 1523 743 exemi-2

161 763 234 804 tus
254 759 476 804 traductus
496 775 506 804 ε
537 759 597 804 ibi
616 774 700 803 non
718 759 809 817 agri
824 762 992 803 tantum
1013 759 1170 803 vastati
1189 758 1264 803 sed
1284 759 1486 817 oppidum

165 824 295 869 etiam
316 827 603 882 expugnatum
622 840 631 869 :
662 829 786 881 capta
806 823 984 881 amplius
1001 823 1085 868 duo
1106 823 1234 868 millia
1255 824 1484 878 hominum,

163 904 300 934 minus
322 888 406 933 duo
426 888 556 933 millia
575 889 687 933 circa
706 903 849 932 muros
878 903 996 933 caesa.
1059 888 1150 932 Pax
1176 892 1318 933 tamen
1338 888 1487 934 clarior
1500 894 1522 931 3

162 956 379 1012 maJ‘orque
401 968 523 1012 quarn
546 952 701 998 bellum
724 953 769 997 in
788 953 966 997 Etruria
986 968 1036 998 eo
1061 968 1171 997 anno
1199 953 1340 998 fuerat
1366 958 1488 1011 parta

161 1023 259 1064 oet:
289 1023 378 1063 tres
421 1018 687 1062 validissimae
727 1017 854 1062 urbes
894 1017 1078 1062 Etruriae
1115 1018 1266 1076 capita,
1304 1019 1489 1064 Vulsinii

164 1082 343 1128 Perusia
371 1082 603 1138 Arretium,
634 1097 780 1140 pacem
811 1082 982 1140 petiere,
1016 1087 1060 1127 et
1090 1083 1353 1128 vestimentis
1384 1083 1488 1128 mili-

163 1152 257 1193 tum
286 1148 583 1206 frumentoque
613 1147 726 1206 pacti
757 1163 854 1192 cum
883 1147 1056 1192 consule
1085 1151 1136 1192 ut
1166 1148 1281 1193 mitti
1306 1149 1486 1194 Romam

163 1216 352 1258 oratores
387 1213 543 1266 liceret,
574 1212 764 1258 inducias
794 1212 840 1256 in
874 1212 1155 1271 quadraginta
1191 1228 1321 1258 annos
1356 1214 1487 1272 impe-

163 1280 411 1323 traverunt:
443 1277 578 1322 multa
603 1292 788 1335 praesens
821 1277 1099 1336 quingentum
1126 1277 1302 1322 millium
1327 1279 1422 1324 aeris
1442 1279 1487 1323 in

166 1344 354 1403 singulas
375 1343 571 1389 civitates
591 1343 800 1401 imposita.
856 1343 923 1389 Ob
944 1344 1069 1389 hasce
1089 1359 1156 1389 res
1177 1348 1320 1401 gestas
1341 1345 1484 1390 consul
1507 1352 1523 1389 b

165 1424 296 1467 quum
326 1408 587 1466 triumphum
619 1407 671 1453 ab
701 1411 853 1453 senatu
882 1409 1009 1453 moris
1040 1409 1174 1468 magis
1205 1425 1333 1454 causa
1361 1426 1486 1469 quam

165 1489 242 1531 spe
273 1472 525 1531 impetrandi
553 1473 744 1530 petisset,
771 1473 1018 1532 videretque
1045 1473 1160 1529 alios,
1182 1473 1294 1533 quod
1323 1474 1486 1520 tardius

166 1538 219 1584 ab
239 1537 343 1583 urbe
363 1538 537 1591 exisset,
561 1537 677 1592 alios,
699 1537 813 1596 quod
842 1538 1009 1595 injussu
1036 1544 1208 1583 senatus
1236 1554 1290 1584 ex
1317 1539 1486 1585 Samnio

167 1603 211 1647 in
245 1602 459 1646 Etruriam
495 1603 735 1654 transisset,
770 1603 922 1660 partim
964 1617 1064 1648 suos
1103 1603 1293 1648 inimicos
1332 1605 1488 1662 partim

167 1666 336 1725 collegae
358 1667 512 1712 amicos
534 1665 587 1710 ad
607 1666 803 1710 solatium
824 1671 999 1725 aequatae
1023 1667 1201 1725 repulsae
1221 1668 1301 1713 sibi
1322 1684 1489 1728 quoque

166 1747 321 1789 negare
355 1731 629 1789 triumphum,
669 1731 814 1776 “Non
844 1731 932 1776 ita''
975 1731 1124 1791 inquit,
1170 1737 1352 1790 “patres
1393 1749 1489 1779 con-

168 1796 510 1906 scriptavestrae
539 1796 774 1853 majestatis
814 1796 1042 1841 meminero
1082 1801 1132 1842 ut
1172 1813 1240 1842 me
1275 1798 1489 1844 consulem

169 1876 262 1906 csse
353 1860 544 1905 liviscar:
576 1860 722 1906 eodem
749 1863 848 1918 jure
881 1861 1057 1919 imperii,
1095 1877 1179 1919 quo
1214 1861 1323 1907 bella
1361 1864 1487 1922 gessi,

169 1925 289 1971 bellis
321 1925 500 1970 feliciter
539 1926 672 1984 gestis
715 1925 884 1970 Samnio
924 1930 1052 1984 atque
1088 1926 1263 1972 Etruria
1303 1928 1489 1973 subactis

169 1991 347 2039 victoria
366 1995 410 2035 et
431 2005 533 2049 pace
563 1995 685 2049 parta
710 1990 1021 2047 triumphabo.'’
1082 1991 1154 2036 Ita
1182 1996 1373 2037 senatum
1396 1992 1524 2043 reli-5

169 2055 278 2114 quit.
338 2054 444 2101 Inde
470 2056 582 2100 inter
607 2055 802 2100 tribunos
833 2054 966 2113 plebis
994 2057 1209 2102 eontentio
1239 2062 1359 2102 orta:
1391 2073 1488 2116 pars

170 2120 477 2166 intercessuros
497 2135 551 2166 ne
570 2135 681 2165 novo
703 2120 893 2178 exemplo
917 2120 1198 2179 triumpharet
1218 2122 1368 2176 aiebat,
1394 2138 1489 2180 pars

173 2184 329 2231 auxilio
349 2201 395 2231 se
415 2185 616 2231 adversus
637 2185 819 2244 collegas
846 2185 1124 2244 triumphanti
1150 2187 1330 2233 futuros.
1391 2188 1526 2243 ἔαρ-ο

173 2250 271 2301 tata
291 2265 359 2298 res
388 2250 443 2298 ad
474 2251 676 2312 populum
705 2255 786 2307 est,
814 2254 1072 2315 voeatusque
1101 2267 1152 2300 oo
1182 2253 1329 2301 consul
1358 2268 1489 2316 quum
