1649 2452
190 73 272 114 514
516 73 564 112 T.
595 71 747 114 LIVII
781 70 1200 113 HISTORIARUM
1299 123 1348 169 [Δ
1377 123 1404 158 c
1433 124 1495 158 323

197 183 326 227 quam
344 182 424 214 nec
444 169 603 226 petere,
617 166 786 226 publice
807 168 956 224 petere
972 181 1098 225 quam
1118 165 1278 225 paciscl
1292 164 1428 226 magis
1442 170 1509 222 ut,

197 233 235 278 si
275 233 550 280 successisset
589 232 784 291 inceptis,
822 232 1032 290 cogitaret
1072 231 1258 290 populus
1294 232 1511 276 Romanus

197 299 354 356 potius,
379 314 473 343 cum
497 301 656 356 quanto
678 296 822 341 studio
842 295 1119 354 periculoque
1139 295 1327 341 reditum
1347 296 1393 340 in
1412 293 1512 341 ami-

199 364 343 408 citiam
375 378 495 408 suam
535 365 648 406 esset
683 377 809 419 quam
846 377 929 419 qua
963 361 1151 406 stultitia
1186 364 1231 406 et
1270 360 1514 406 temeritate

135 426 183 464 11
201 428 253 473 de
288 429 424 473 officio
456 427 687 472 decessum.
747 425 1025 470 Collaudatus
1058 424 1111 471 ab
1146 424 1403 486 imperatore
1431 425 1517 471 tria

200 493 331 538 millia
350 493 534 537 militum
555 491 605 535 ad
628 489 919 549 occupandam
939 506 1032 536 eam
1052 493 1217 548 partem
1236 489 1370 546 urbis,
1389 505 1515 549 quam

203 557 413 604 Samnites
434 556 687 610 insidebant,
709 555 902 614 accepit:
933 554 1129 612 praesidio
1153 554 1192 600 ei
1212 554 1265 600 L.
1288 554 1517 612 Quinctius

75 616 184 671 (26)
199 623 399 668 tribunus
421 621 602 666 militum
622 616 888 679 praepositjus,
930 619 1093 665 Eodem
1110 623 1300 677 tempore
1321 624 1365 665 et
1381 620 1518 679 Nym-

200 689 327 746 phius
357 692 584 745 praetorem
607 685 862 730 Samnitium
891 687 983 729 arte
1014 683 1242 742 adgressus
1273 684 1518 744 perpulerat

201 757 265 806 ut,
289 752 487 811 quoniam
508 752 645 796 omnis
666 751 888 795 Romanus
916 749 1132 795 exereitus
1155 752 1229 794 aut
1251 749 1366 795 circa
1384 749 1520 796 PaJae-

202 818 334 877 polim
354 821 428 862 aut
448 817 494 861 in
515 816 685 861 Samnio
707 819 833 869 esset,
857 814 1016 859 sineret
1040 830 1086 859 se
1107 814 1241 859 classe
1263 813 1521 860 circumvehi

204 882 258 927 ad
289 883 533 927 Romanum
565 897 725 939 agrum,
751 895 838 925 non
868 895 985 925 oram
1018 879 1144 925 modo
1173 878 1301 924 maris
1335 879 1412 924 sed
1438 878 1522 938 ipsi

203 948 301 993 urbi
330 948 569 1008 propinqua
598 948 692 992 loca
722 945 1107 1005 depopulaturum:
1153 944 1229 990 sed
1258 948 1309 990 ut
1339 944 1520 999 falleret,

203 1017 331 1060 nocte
351 1013 705 1072 proficiscendum
726 1027 820 1056 esse
841 1011 1140 1070 extemploque
1161 1026 1292 1056 naves
1314 1009 1523 1057 deducen-

167 1075 192 1113 2
207 1079 294 1124 das.
356 1077 484 1137 Quod
505 1093 588 1137 quo
619 1077 828 1121 maturius
855 1076 989 1128 fieret,
1014 1077 1151 1121 omnis
1178 1076 1383 1135 juventus
1406 1076 1523 1121 Sam-

205 1148 360 1194 nitium
391 1152 546 1206 praeter
580 1145 866 1191 necessarium
897 1144 1015 1189 urbis
1050 1144 1295 1203 praesidium
1330 1143 1383 1190 ad
1418 1144 1523 1190 litus

167 1216 191 1253 3
209 1217 347 1262 missa.
409 1216 500 1262 Ubi
520 1216 621 1261 dum
641 1215 884 1274 Nymphius
905 1214 950 1258 in
969 1214 1160 1259 tenebris
1183 1217 1226 1260 et
1246 1213 1523 1259 multitudine

207 1290 343 1332 semet
361 1287 455 1345 ipsa
473 1285 732 1345 impediente
763 1283 911 1330 sedulo
933 1283 1026 1328 aliis
1047 1283 1128 1328 alia
1147 1284 1325 1342 imperia
1343 1283 1523 1328 turbans

206 1356 310 1401 terit
330 1358 513 1414 tempus,
530 1353 752 1399 Charilaus
768 1368 822 1398 ex
838 1352 1074 1410 composito
1096 1351 1148 1397 ab
1165 1351 1292 1397 sociis
1313 1351 1360 1396 in
1374 1351 1524 1398 urbem

206 1428 405 1484 receptus
427 1440 559 1484 quum
579 1439 746 1469 summa
763 1421 881 1468 urbis
902 1423 1098 1468 Romano
1126 1420 1266 1466 milite
1287 1421 1522 1479 implesset,

206 1494 298 1539 tolli
319 1494 545 1540 clamorem
570 1493 713 1551 jussit,
735 1492 788 1537 ad
820 1507 946 1550 quem
969 1490 1106 1536 Graeci
1137 1490 1260 1550 signo
1292 1493 1471 1548 accepto
1497 1505 1523 1535 a

208 1559 469 1616 principibus
494 1559 704 1617 quievere,
727 1557 889 1603 Nolani
908 1572 984 1615 per
1005 1571 1196 1601 aversam
1217 1558 1383 1613 partem
1402 1554 1522 1600 urbis

169 1622 319 1668 4via1n
341 1623 498 1668 'Nolam
518 1624 725 1668 ferentem
756 1622 1004 1681 effugiunt„
1044 1619 1306 1666 Samnitibus
1337 1619 1525 1665 exclusis

209 1688 262 1733 ab
297 1688 402 1733 urbe
433 1692 484 1733 ut
517 1687 757 1746 expeditior
792 1687 837 1731 in
872 1685 1099 1745 praesentia
1129 1685 1232 1744 fuga
1262 1684 1325 1730 ita
1359 1684 1523 1739 foedior,

208 1758 435 1812 postquam
461 1753 650 1812 periculo
672 1755 914 1805 evaserunt,
937 1751 1040 1804 visa,
1065 1749 1222 1809 quippe
1243 1750 1317 1809 qui
1340 1749 1524 1796 inermes

209 1819 328 1864 nulla
345 1835 487 1864 rerum
507 1834 679 1864 suarum
705 1833 792 1863 non
817 1817 966 1863 relicta
986 1816 1097 1861 inter
1117 1816 1263 1860 hostes
1293 1813 1526 1860 ludibrium

208 1900 295 1929 non
317 1884 505 1930 externis
525 1883 651 1928 modo
673 1883 747 1928 sed
763 1883 893 1928 etiam
912 1880 1188 1941 popularibus
1211 1879 1382 1939 spoliati
1397 1883 1526 1939 atque

169 1958 192 1994 5
212 1954 386 2007 egentes
409 1949 555 1994 domos
578 1948 753 1993 rediere.
815 1947 948 1993 Haud
979 1947 1155 2005 ignarus
1185 1944 1398 2004 opinionis
1419 1945 1526 1990 alte·

209 2014 311 2067 rius,
347 2030 431 2072 qua
460 2014 550 2059 hoec
580 2013 766 2073 proditio
802 2012 855 2058 ab
889 2010 1149 2056 Samnitibus
1181 2010 1295 2054 sacta
1323 2008 1523 2065 traditur,

211 2097 339 2137 quum
358 2080 603 2126 auctoribus
620 2081 700 2126 hoc
722 2079 818 2125 dedi
831 2079 985 2139 quibus
1007 2077 1178 2137 dignius
1199 2076 1315 2123 credi
1335 2080 1414 2131 est,
1431 2079 1526 2122 tum

210 2146 350 2191 foedus
371 2146 816 2204 Neapolitanum—eo
837 2145 950 2190 enim
970 2142 1122 2189 deinde
1144 2157 1309 2188 summa
1328 2142 1391 2188 rei
1412 2143 1527 2188 Grae-

211 2226 357 2257 eorum
389 2211 747 2260 venit—similius
781 2225 883 2257 vero
917 2209 1021 2255 facit
1065 2208 1182 2267 ipsos
1222 2208 1268 2254 in
1299 2207 1528 2254 amicitiam

171 2284 195 2326 6
210 2277 381 2328 remae.
425 2277 608 2324 Publilio
632 2277 876 2341 triumphus
892 2275 1106 2334 decretus,
1122 2272 1239 2343 quod
1257 2273 1363 2330 satis
1382 2272 1527 2330 credor
