1649 2452
267 100 344 139 428
581 98 625 138 T.
657 97 804 138 LIVII
837 97 1258 141 HISTORIARUM

266 192 486 246 adscitum,
510 210 634 252 quam
654 211 740 240 non
759 194 893 253 magis
912 191 959 239 in
986 195 1130 240 alienis
1159 210 1282 253 quam
1309 195 1354 239 in
1380 150 1580 253 ifrogii'rii's

229 259 253 296 3
266 272 314 302 ac
334 258 537 317 sanguine
556 259 648 316 ipso
670 275 746 304 suo
767 263 994 304 exerceret.
1052 259 1306 317 Criminique
1327 260 1365 303 ei
1385 259 1581 304 tribunus

264 321 376 366 inter
396 325 548 367 caetera
567 323 706 377 dabat,
729 322 843 382 quod
869 323 999 368 filium
1025 327 1238 382 juvenem,
1258 323 1413 368 nullius
1443 323 1583 380 probri

265 391 537 444 compertum,
569 391 780 432 extorrem
809 387 913 432 urbe
945 387 1068 432 domo
1098 388 1334 446 penatibus,
1369 387 1459 432 foro
1489 388 1583 432 luce

265 465 494 509 congressu
520 451 740 509 aequalium
768 452 1038 509 prohibitum,
1060 453 1106 496 in
1133 468 1239 510 opus
1267 452 1428 505 servile,
1453 467 1583 510 prope

263 514 309 559 in
339 530 545 560 carcerem
576 519 702 573 atque
732 515 777 559 in
807 516 1068 588 ergastulum
1103 516 1277 568 dederit,
1314 517 1383 560 ubi
1419 532 1583 560 summo

263 578 355 623 loco
385 584 510 623 natus
547 579 795 624 dictatorius
827 580 993 638 juvenis
1030 581 1271 638 quotidiana
1303 581 1468 625 miseria
1499 581 1583 624 dis-

226 646 389 698 4ceret‚
419 659 516 688 vere
546 644 769 701 imperioso
798 648 917 701 patre
948 660 993 689 se
1022 649 1168 688 natum
1200 660 1303 689 esse.
1367 647 1427 689 At
1459 660 1583 702 quam

263 707 317 751 ob
337 708 536 752 noxiam?
568 708 667 766 quia
685 707 950 753 infacundior
977 709 1033 752 sit
1055 714 1098 752 et
1119 709 1263 766 lingua
1287 706 1580 766 impromptus.

227 776 250 812 5
264 772 391 820 Quod
411 775 574 816 naturae
595 772 792 816 damnum
812 778 958 817 utrum
978 773 1250 817 nutriendum
1273 773 1395 831 patri,
1412 773 1446 817 si
1469 773 1584 830 quie·

263 851 388 893 quam
409 836 454 880 in
474 851 523 880 eo
543 836 716 881 humani
737 840 862 891 esset,
884 852 937 881 an
965 838 1253 896 castigandum
1288 852 1335 882 ac
1362 837 1583 881 vexatione

261 900 427 959 insigne
466 900 703 945 faciendum
743 901 907 946 fuisse?
943 917 996 946 ne
1037 907 1177 946 mutas
1218 901 1385 960 quidem
1427 901 1583 946 bestias

262 965 401 1009 minus
429 964 539 1009 alere
567 980 615 1009 ac
641 964 796 1018 fovere,
820 965 857 1009 si
884 966 985 1024 quid
1015 981 1067 1010 ex
1098 970 1298 1024 progenie
1329 982 1405 1010 sua
1437 981 1582 1024 parum

262 1044 510 1087 prosperum
545 1029 626 1073 sit:
666 1033 710 1074 at
749 1029 918 1074 hercule
958 1030 1010 1074 L.
1034 1030 1239 1074 Manlium
1282 1030 1436 1074 malum
1474 1030 1582 1075 malo

263 1109 418 1152 augere
438 1093 514 1137 filii
533 1097 577 1138 et
597 1093 843 1138 tarditatem
863 1094 1019 1152 ingenii
1049 1094 1220 1152 insuper
1248 1110 1436 1152 premere
1465 1100 1522 1148 et,
1546 1096 1582 1139 si

263 1157 365 1216 quid
384 1159 428 1202 in
449 1173 499 1202 eo
521 1158 720 1216 exiguum
748 1158 951 1202 naturalis
973 1159 1129 1217 vigoris
1151 1160 1219 1212 sit,
1242 1159 1285 1203 id
1314 1160 1584 1217 exstinguere

262 1223 351 1267 vita
386 1223 544 1281 agresti
583 1227 626 1267 et
666 1223 825 1267 rustico
861 1223 979 1268 cultu
1015 1223 1126 1268 inter
1161 1223 1342 1282 pecudes
1378 1224 1582 1268 habendo.

183 1285 253 1338 (5)
266 1287 463 1331 Omnium
485 1287 625 1345 potius
646 1287 711 1331 his
733 1287 1089 1332 criminationibus
1113 1303 1237 1346 quam
1267 1288 1398 1345 ipsius
1414 1289 1583 1345 juvenis

261 1352 450 1396 irritatus
487 1355 553 1396 est
588 1352 775 1396 animus:
809 1352 910 1410 quin
949 1355 1095 1396 contra
1135 1368 1179 1397 se
1216 1367 1381 1410 quoque
1422 1352 1585 1410 parenti

263 1431 432 1461 causam
460 1416 627 1461 invidia}
657 1420 786 1475 atque
818 1417 1038 1461 criminum
1074 1433 1165 1461 esse
1202 1433 1312 1475 aegre
1343 1432 1503 1475 passus,
1536 1422 1584 1461 ut

263 1496 407 1525 omnes
444 1480 500 1524 dii
532 1480 805 1539 hominesque
836 1482 992 1526 scirent
1024 1497 1068 1526 se
1104 1482 1269 1539 parenti
1305 1496 1425 1538 opem
1457 1481 1584 1525 latam

265 1561 389 1604 quam
409 1545 587 1589 inimicis
609 1548 701 1602 ejus
722 1545 857 1598 malle,
881 1546 992 1603 capit
1024 1546 1243 1590 consilium
1271 1545 1388 1590 rudis
1417 1545 1584 1604 quidem

264 1614 392 1668 atque
417 1609 596 1667 agrestis
626 1610 752 1654 animi
780 1613 823 1654 et
855 1626 1105 1668 quamquam
1126 1626 1212 1654 non
1242 1610 1374 1655 civilis
1406 1610 1585 1668 exempli

228 1678 406 1719 2tamen
444 1674 603 1732 pietate
643 1673 862 1718 laudabile.
926 1674 1211 1719 Inscientibus
1247 1674 1411 1719 cunctis
1448 1674 1586 1719 cultro

263 1739 503 1784 succinctus
534 1754 654 1783 mane
685 1739 731 1782 in
758 1738 906 1783 urbem
927 1742 1054 1797 atque
1082 1755 1106 1783 a
1133 1744 1255 1797 porta
1286 1738 1456 1783 domum
1488 1754 1586 1784 con-

263 1804 405 1848 festim
446 1803 502 1848 ad,
538 1804 602 1848 M.
631 1803 911 1861 Pomponium
954 1803 1172 1848 tribunum
1212 1804 1363 1862 pergit,
1412 1803 1586 1860 janitori

264 1884 370 1926 opus
391 1884 483 1913 esse
504 1866 584 1913 sibi
605 1867 772 1912 domino
793 1868 884 1926 ejus
915 1874 1121 1913 convento
1149 1868 1360 1926 extemplo
1389 1869 1460 1921 ait,
1483 1884 1586 1913 nun-

228 1934 390 1978 3tia1·et
410 1933 554 1978 Titum
575 1933 786 1977 Manlium
806 1933 858 1977 L.
881 1933 1011 1977 filium
1033 1949 1136 1978 esse.
1187 1933 1293 1977 Mox
1315 1933 1585 1978 introductus

263 1999 476 2042 —etenim
508 1998 715 2056 percitum
737 1998 800 2042 ira
819 1998 863 2042 in
890 2001 1052 2056 patrem
1075 2013 1170 2055 spes
1191 2001 1284 2042 erat
1305 2001 1379 2041 aut
1401 1997 1585 2042 criminis

264 2061 421 2120 aliquid
455 2063 553 2106 novi
588 2066 662 2107 aut
698 2062 859 2107 consilii
900 2061 951 2106 ad
992 2078 1078 2106 rem
1120 2062 1321 2120 agendam
1365 2061 1587 2107 deferre—-

265 2127 401 2172 salute
428 2131 599 2184 accepta
629 2126 875 2185 redditaque
906 2142 997 2171 esse
1029 2127 1099 2179 ait,
1132 2143 1222 2185 quae
1254 2143 1347 2171 cum
1382 2142 1431 2171 eo
1463 2143 1586 2185 agere

226 2191 433 2236 4arbitris
454 2192 626 2236 remotis
654 2191 768 2236 velit.
830 2191 986 2236 Procul
1012 2191 1110 2236 inde
1139 2192 1332 2236 omnibus
1360 2191 1474 2236 abire
1496 2193 1587 2250 jus-

265 2256 323 2304 sis
343 2255 527 2302 cultrum
547 2255 732 2314 stringit,
750 2259 794 2302 et
814 2271 941 2316 super
961 2255 1117 2302 lectum
1139 2259 1256 2302 stans
1276 2255 1388 2302 ferro
1408 2255 1587 2314 intento,
