1649 2452
201 113 250 154 521
233 115 279 153 ‘0
518 114 565 154 Τ.
594 108 744 153 LIVII
776 111 1191 156 HISTORIARUM
1308 168 1370 209 [A
1385 168 1421 202 c
1437 166 1511 203 8¹8

201 210 339 253 castra
373 207 571 265 pertulit:
603 207 662 252 ibi
700 207 793 265 plus
835 223 959 266 quam
998 209 1043 253 iu
1082 210 1169 254 acie
1209 210 1424 268 sanguinis
1465 225 1515 256 ae

159 278 184 316 5
202 271 325 317 caedis
344 271 503 317 factum
523 271 756 330 praedaeque
783 287 879 330 pars
906 275 1042 330 maj0r
1067 273 1131 318 ira
1158 278 1367 330 corrupta.
1427 275 1516 319 Ex·

201 336 356 380 ercitus
386 336 491 380 alter
517 350 612 380 cum
645 335 813 393 Papirio
844 336 1012 381 consule
1041 336 1144 382 loeis
1173 337 1392 382 maritimis
1421 353 1515 410 per-

199 403 371 445 venerat
400 401 538 457 Arpos
565 414 641 457 per
667 400 808 444 omnia
833 404 982 457 pacata
1010 401 1261 446 Samnitium
1287 401 1422 460 magis
1452 402 1515 446 in-

193 465 320 521 juriis
341 467 384 508 et
405 463 501 507 odio
521 477 646 521 quam
673 462 872 509 beneficio
894 464 980 508 ullo
1007 464 1151 523 populi
1178 465 1385 510 Βο1113111;
1417 480 1514 510 nam

200 528 407 572 Samnites
428 543 477 572 ea
495 527 780 584 tempestate
767 543 813 572 111
831 527 1045 573 montibus
1075 529 1245 573 vicatim
1270 529 1514 575 habitantes

198 592 447 650 campestria
473 595 517 636 et
547 591 754 636 maritima
782 592 873 637 loca
901 595 1145 651 contempto
1175 593 1385 638 cultorum
1411 593 1516 638 mol-

197 655 299 700 liore
320 660 459 713 atque,
479 659 529 700 ut
549 656 690 700 evenit
709 656 810 711 fere,
829 656 932 701 locis
954 657 1078 701 simili
1106 672 1258 715 genere
1286 657 1367 715 ipsi
1397 671 1516 702 mon-

198 720 287 764 tani
314 723 441 777 atque
469 723 656 778 agrestes
683 719 1068 778 depopulabantur:
1101 737 1194 779 quae
1220 721 1340 780 regio
1370 721 1407 766 si
1432 721 1516 766 fida

200 783 456 828 Samnitibus
483 783 648 837 fuisset,
671 787 744 828 aut
771 785 989 842 pervenire
1015 785 1155 843 Arpos
1183 787 1396 830 exercitus
1428 785 1517 830 Ro-

197 863 345 892 manus
365 848 594 906 nequisset,
617 851 692 893 aut
718 848 940 907 interjecta
959 849 1072 894 inter
1099 850 1279 894 Romam
1306 853 1350 894 et
1375 850 1516 908 Arpos
1579 872 1582 875 ⁴

197 913 373 970 penuria
410 927 551 957 rerum
590 913 775 957 omnium
814 913 1006 958 exclusos
1044 929 1069 957 a
1103 913 1404 958 commeatibus
1444 913 1517 959 ab-

158 978 181 1016 6
199 977 459 1034 sumpsisset.
519 976 628 1021 Tum
655 992 821 1035 quoque
848 977 1059 1035 profectos
1088 977 1186 1022 inde
1214 977 1267 1022 ad
1294 977 1516 1022 Luceriam

192 1041 318 1098 juxta
337 1040 576 1086 obsidentes
603 1040 877 1098 obsessosque
906 1041 1045 1099 inopia
1072 1041 1265 1086 vexavit:
1297 1041 1437 1085 omnia
1463 1040 1516 1085 ab

197 1105 324 1162 Arpis
353 1105 556 1149 Romanis
586 1104 975 1163 suppeditabantur,
1004 1109 1201 1150 caeterum
1233 1104 1336 1150 adeo
1363 1105 1515 1162 exigue

197 1172 248 1213 ut
267 1169 390 1213 militi
409 1171 614 1227 occupato
635 1169 886 1214 stationibus
906 1169 1142 1227 vigiliisque
1163 1173 1206 1214 et
1235 1184 1360 1227 opere
1387 1184 1515 1226 eques

197 1232 393 1278 folliculis
419 1233 463 1277 in
490 1236 629 1278 castra
656 1233 708 1278 ab
734 1233 861 1291 Arpis
891 1233 1152 1278 frumentum
1181 1233 1365 1288 veheret,
1385 1233 1516 1277 inter-

199 1296 299 1341 dum
335 1312 514 1342 occursu
546 1297 732 1342 hostium
761 1300 983 1356 cogeretur
1013 1297 1178 1355 abjecto
1209 1312 1262 1342 611
1291 1311 1399 1356 equo
1429 1297 1515 1341 fru-

198 1365 340 1406 mento
375 1377 588 1420 pugnare:
626 1364 670 1406 et
699 1361 880 1406 obsessis
916 1362 1045 1419 prius,
1079 1377 1203 1419 quam
1233 1360 1340 1415 alter
1369 1361 1516 1406 consul

198 1425 357 1470 victore
397 1425 586 1470 exercitu
621 1425 802 1478 advenit,
839 1428 883 1470 et
918 1429 1176 1470 commeatus
1212 1440 1265 1469 ex
1298 1425 1514 1470 montibus

200 1490 451 1534 Samnitium
472 1490 628 1534 invecti
649 1492 769 1534 erant
790 1492 834 1534 et
854 1489 1011 1534 auxilia
1037 1489 1302 1534 intromissa:
1335 1490 1516 1534 arctiora

199 1554 337 1598 omnia
358 1553 562 1598 adventus
583 1553 753 1598 Publilii
780 1553 893 1609 fecit,
916 1554 989 1612 qui
1015 1553 1230 1598 obsidione
1260 1553 1451 1612 delegata
1470 1553 1515 1598 in

199 1632 342 1662 curam
373 1618 541 1676 collegae
571 1633 728 1663 vacuus
758 1633 832 1676 per
868 1632 993 1675 agros
1030 1622 1183 1663 cuncta
1215 1617 1371 1662 infesta
1403 1632 1515 1662 com-

199 1681 407 1727 meatibus
427 1682 613 1726 hostium
633 1682 810 1726 fecerat:
842 1681 984 1740 itaque
1001 1697 1130 1739 quum
1151 1696 1247 1740 spes
1267 1681 1382 1726 nulla
1401 1686 1514 1726 esset

200 1746 359 1790 diutius
388 1745 580 1791 obsessos
612 1746 795 1804 inopiam
823 1745 997 1799 laturos,
1028 1746 1162 1791 coacti
1200 1746 1421 1801 Samnites,
1443 1745 1516 1804 qui
1603 1771 1606 1791 ;

201 1811 251 1854 ad
273 1810 495 1855 Luceriam
516 1818 654 1854 castra
668 1810 891 1865 habebant,
906 1810 1091 1868 undique
1113 1810 1339 1855 contractis
1355 1809 1514 1854 viribus

83 1869 184 1922 (14)
201 1875 321 1933 sigua
341 1889 436 1919 cum
457 1875 625 1932 Papirio
646 1874 847 1919 conferre.
908 1874 992 1919 Per
1011 1874 1055 1918 id
1082 1877 1249 1931 tempus
1270 1873 1515 1931 parantibus

200 1939 391 1997 utrisque
426 1953 471 1983 se
503 1938 556 1983 ad
590 1938 780 1997 proelium
814 1939 945 1997 legati
979 1937 1196 1983 Tarentini
1228 1937 1515 1983 interveniunt

201 2003 495 2048 denuntiantes
530 2002 785 2047 Samnitibus
816 2002 1100 2061 Romanisque
1130 2005 1179 2046 ut
1209 2001 1365 2046 bellum
1394 2002 1516 2047 omit·

201 2070 364 2112 terent:
397 2083 472 2125 per
498 2070 617 2111 utros
646 2068 836 2112 stetisset
866 2081 949 2125 quo
979 2067 1116 2111 minus
1148 2065 1433 2111 discederetur
1462 2066 1515 2111 ab

163 2132 339 2184 2armis,
379 2131 577 2176 adversus
618 2147 688 2176 cos
729 2147 774 2176 se
813 2146 889 2189 pro
929 2130 1070 2175 alteris
1109 2135 1384 2188 pugnaturos
1450 2130 1517 2175 Ea

202 2196 410 2254 legatione
431 2196 622 2255 Papirius
643 2195 786 2241 audita
805 2195 976 2254 perinde
996 2210 1044 2241 ae
1063 2198 1204 2240 motus
1225 2193 1349 2240 dictis
1370 2209 1516 2241 eorum

203 2275 298 2309 cum
333 2260 491 2321 collega
521 2276 565 2308 se
600 2260 1004 2309 communicaturum
1039 2258 1268 2320 respondit,
1298 2259 1515 2322 accitoque
