1649 2452
542 89 654 130 LIB,
685 89 782 129 VII.
814 89 984 132 25—27.
1346 89 1420 126 455

101 147 144 177 A.
161 144 198 176 c.
215 143 303 184 us]

98 186 261 240 mileS,”
292 183 444 237 aiebat,
469 186 493 208 “
510 187 554 230 et
585 185 696 230 eirea
725 187 938 242 jacentem
973 182 1123 228 ducem
1157 183 1299 226 sterne
1330 181 1425 226 Gal·

98 250 235 296 lorum
263 250 494 296 catervas?
555 249 630 294 Dii
660 249 932 309 hominesque
966 247 1028 293 illi
1065 245 1237 291 adfuere
1272 261 1424 305 pugnae
1441 251 1463 289 8

99 315 471 374 depugnatumque
496 313 821 372 haudquaquam
850 312 1077 359 certamine
1108 310 1305 369 ambiguo
1330 325 1427 356 cum

101 379 231 425 Gallis
259 382 350 423 est.
383 377 487 422 adeo
515 377 692 422 duorum
725 378 907 423 militum
939 380 1150 431 eventum,
1177 375 1289 420 inter
1319 389 1426 432 quos

100 447 337 517 pugnatum
358 446 462 496 erat,
485 445 666 501 utraque
688 443 798 488 acies
820 442 969 488 animis
990 443 1259 500 praeceperat.
1306 439 1427 485 Inter
1443 450 1465 486 9

99 509 268 568 primos,
303 521 481 566 quorum
512 522 742 553 concursus
774 507 876 552 alios
912 507 1135 559 exciverat,
1169 508 1292 550 atrox
1321 519 1427 562 proe-

7 624 10 630 Ι
99 573 203 618 lium
253 572 363 616 fuit:
409 571 490 616 alia
529 571 770 628 multitudo,
811 573 1055 632 priusquam
1096 569 1150 615 ad
1189 569 1427 629 conjectum

99 637 175 682 teli
208 636 385 688 veniret,
420 639 543 694 terga
577 637 718 681 vertit.
781 637 925 682 Primo
960 652 1035 696 per
1068 634 1251 680 Vulscos
1287 634 1428 679 Faler-
1446 642 1493 680 10

100 716 288 759 numque
323 716 471 760 agrum
507 701 700 759 dissipati
735 705 848 756 sunt,
880 701 976 746 inde
1008 699 1205 760 Apuliam
1237 714 1284 744 ac
1315 714 1428 744 mare

101 767 283 813 inferum
303 767 530 824 petierunt.
588 766 749 811 Consul
769 767 968 812 concione
990 766 1191 813 advocata
1209 765 1428 810 laudatum
1446 773 1490 811 11

101 832 321 877 tribunum
351 830 496 876 decem
525 830 663 876 bubus
695 846 904 890 aureaque
937 847 1091 877 corona
1126 831 1267 876 donat.
1328 831 1428 888 Ipse
1447 840 1494 876 12

98 899 243 958 jussus
264 896 316 942 ab
336 902 487 941 senatu
506 896 663 941 bellum
683 897 943 942 maritimum
965 913 1111 943 curare
1133 913 1228 943 eum
1248 902 1428 955 praetore

97 962 243 1022 junxit
273 965 424 1006 castra.
486 961 555 1006 Ibi
585 961 683 1019 quia
717 977 784 1006 res
821 962 934 1007 trahi
969 962 1150 1021 segnitia
1187 963 1494 1007 Graeeorum13

102 1041 187 1073 non
215 1025 570 1072 committentium
597 1041 643 1070 se
664 1026 708 1069 in
736 1026 867 1071 aciem
894 1026 1157 1080 videbantur,
1181 1026 1429 1071 dictatorem

104 1091 368 1137 comitiorum
385 1105 512 1136 eausa
532 1090 580 1135 Τ.
599 1089 809 1135 Manlium
829 1092 1091 1150 Torquatum
1108 1107 1160 1136 ex
1176 1091 1429 1136 auctoritate

105 1159 276 1201 senatus
305 1155 424 1200 dixit.
485 1155 682 1200 Dictator
708 1155 912 1214 magistro
940 1156 1130 1214 equitum
1158 1158 1211 1201 A.
1235 1155 1430 1200 Cornelio
1449 1164 1497 1201 14

106 1220 239 1266 Cosso
267 1219 380 1265 dieto
407 1220 578 1265 comitia
606 1219 842 1266 consularia
868 1220 1029 1275 habuit,
1059 1220 1338 1279 aemulumque
1360 1220 1430 1265 de-

105 1285 214 1331 coris
242 1286 308 1330 sui
335 1284 551 1330 absentem
578 1284 642 1329 M.
664 1284 879 1330 Valerium
911 1285 1199 1331 Corvum—id
1229 1286 1341 1330 enim
1370 1284 1432 1329 illi

106 1349 255 1396 deinde
271 1350 530 1409 cognominis
551 1349 856 1395 fuit—summo
877 1350 1021 1396 favore
1037 1350 1180 1410 populi
1200 1353 1287 1395 tres
1309 1353 1352 1394 et
1372 1350 1431 1394 vi-

106 1416 216 1475 ginti
235 1419 382 1461 natum
404 1430 534 1460 annos
556 1414 768 1460 consulem
789 1415 1074 1460 renuntiavit:
1109 1414 1268 1474 collega
1293 1414 1431 1460 Corvo

107 1479 160 1525 de
194 1480 314 1539 plebe
334 1481 399 1525 M.
422 1479 614 1539 Popilius
650 1480 802 1525 Laenas
840 1485 1038 1539 quartum
1079 1480 1226 1525 consul
1260 1479 1432 1524 futurus

108 1544 233 1590 datus
268 1549 347 1590 est.
409 1545 518 1590 Cum
555 1545 712 1590 Graeeis
747 1560 772 1589 a
802 1544 978 1590 Camillo
1009 1544 1124 1589 nulla
1153 1543 1431 1590 memorabilis
1451 1556 1497 1593 15

108 1613 231 1669 gesta
264 1625 356 1655 res:
389 1624 467 1654 nee
502 1609 563 1654 illi
597 1613 711 1654 terra
745 1625 823 1655 nec
858 1610 1076 1655 Romanus
1112 1610 1217 1654 mari
1257 1609 1434 1654 bellator

109 1678 225 1719 erat:
257 1677 471 1734 postremo
502 1689 632 1733 quum
659 1673 853 1719 litoribus
885 1680 1141 1728 arcerentur,
1172 1689 1280 1732 aqua
1307 1673 1435 1718 etiam

110 1743 264 1798 praeter
298 1742 452 1784 caetera
485 1739 721 1784 necessaria
757 1738 855 1783 usui
885 1738 1103 1784 deficiente
1137 1738 1304 1784 Italiam
1339 1737 1435 1783 reli-

111 1819 252 1864 quere.
315 1803 448 1863 Cujus
475 1803 619 1862 populi
647 1819 697 1848 ea
717 1803 921 1862 cujusque
949 1804 1089 1862 gentis
1118 1803 1263 1848 classis
1291 1802 1432 1856 suerit,
1458 1816 1505 1854 16

110 1869 216 1914 nihil
250 1869 356 1914 certi
390 1872 481 1914 est:
514 1868 693 1913 maxime
725 1868 876 1913 Siciliae
911 1868 1042 1914 fuisse
1072 1872 1274 1927 tyrannos
1305 1867 1435 1914 credi-

113 1933 258 1986 derim,
296 1949 393 1978 nam
433 1932 610 1978 ulterior
651 1933 813 1977 Graeeia
852 1948 900 1978 ea
939 1937 1192 1991 tempestate
1231 1932 1435 1980 intestino

114 1997 225 2043 fessa
243 1998 384 2043 bello
369 2014 453 2055 Jam
476 1997 757 2043 Macedonum
781 2013 880 2056 opes
902 1997 1112 2043 horrebat.

172 2063 441 2108 Exercitibus
462 2062 643 2108 dimissis
666 2079 796 2122 quum
816 2066 860 2107 et
882 2062 984 2108 foris
1012 2079 1095 2122 pax
1121 2065 1164 2108 et
1192 2062 1306 2108 domi
1336 2078 1433 2109 con·
1448 2068 1548 2121 (27)

116 2127 258 2173 cordia
277 2127 470 2172 ordinum
497 2127 632 2172 otium
660 2131 785 2183 esset,
808 2143 860 2172 ne
887 2127 1012 2172 nimis
1042 2128 1149 2174 laetae
1179 2143 1247 2174 res
1279 2131 1434 2183 essent,

118 2192 358 2250 pestilentia
391 2193 606 2238 civitatem
638 2191 785 2237 adorta
819 2192 957 2251 coegit
998 2197 1192 2239 senatum
1230 2193 1436 2252 imperare

123 2255 365 2305 decemviris
399 2261 449 2304 ut
483 2256 611 2304 libros
648 2257 871 2318 Sibyllinos
906 2257 1174 2318 inspicerent,
1206 2273 1435 2319 eorumque
