1649 2452
558 86 670 126 LIB.
702 87 799 126 vll.
824 89 886 133 34
911 89 976 127 35.
1333 89 1410 130 467

86 147 323 248 158ng
350 190 402 234 ut
429 187 683 248 degressos
669 203 714 233 in
740 186 890 233 vallem
910 185 1177 232 adoriantur:
1209 186 1404 240 incertos,

86 254 190 313 quid
204 257 391 312 agerent,
407 269 493 299 nox
507 253 729 312 oppressit.
767 252 947 298 Decium
962 251 1142 310 primum
1158 266 1253 309 spes
1269 253 1407 296 tenuit
1430 261 1470 295 ιο

85 335 181 369 cum
196 318 503 364 subeuntibus
491 335 536 363 in
551 318 773 363 adversum
789 317 935 362 collem
951 331 1006 361 ex
1019 316 1234 374 superiore
1249 315 1342 361 loco
1362 332 1408 362 se

84 386 385 443 pugnaturum,
402 383 551 429 deinde
566 383 786 428 admiratio
802 382 987 436 incessit,
1002 380 1115 440 quod
1129 396 1207 425 nec
1224 397 1409 438 pugnam

83 449 239 494 inirent
265 463 356 503 nec,
377 448 414 493 si
441 447 493 494 ab
519 463 569 493 eo
594 447 767 493 consilio
796 447 1018 506 iniquitate
1043 445 1125 491 loci
1150 445 1410 491 deterreren-

0 565 1 575 γ
83 517 169 568 tur,
187 528 314 572 opere
334 528 380 558 se
402 513 593 571 valloque
613 511 946 558 circumdarent:
977 513 1070 556 tum
1089 511 1408 556 centurionibus

83 577 137 623 ad
156 593 202 623 se
221 578 381 623 vocatis
403 579 430 600 “
444 578 645 631 Quaenam
664 577 735 621 illa
755 576 921 621 inscitia
947 575 1046 620 belli
1067 589 1115 620 ac
1135 575 1307 634 pigritia
1327 579 1406 630 est,

82 645 158 687 aut
187 657 367 701 quonam
395 641 519 687 modo
547 642 619 686 isti
647 657 700 686 ex
730 640 924 685 Sidicinis
946 639 1253 698 Campanisque
1274 640 1409 685 victo-

81 707 186 751 riam
213 707 491 765 pepererunt!
524 707 607 752 huc
628 710 755 764 atque
776 705 875 750 illuc
897 705 1017 762 signa
1036 705 1195 750 moveri
1215 720 1263 750 ac
1283 705 1408 750 modo

80 771 126 816 in
163 787 295 816 unum
337 771 519 816 conferri
558 769 682 815 modo
723 769 844 814 educi
884 769 1061 814 videtis:
1094 783 1199 827 opus
1241 769 1408 828 quidem

79 835 228 894 incipit
261 850 397 889 nemo,
435 851 565 893 quum
596 835 684 893 jam
721 833 967 879 circumdati
1004 833 1112 878 vallo
1148 835 1409 892 potuerimus

80 915 198 946 esse:
244 904 338 945 tum
369 915 468 944 vero
498 914 576 944 nos
607 898 762 943 similes
792 898 972 942 istorum
1003 898 1146 951 simus,
1178 898 1214 944 si
1249 898 1408 944 diutius

79 965 149 1011 hic
167 979 379 1010 moremur
399 979 522 1023 quam
549 962 813 1009 commodum
843 963 912 1007 sit.
978 962 1206 1020 Agitedum
1234 963 1294 1008 ite
1323 979 1408 1009 me·
1425 974 1468 1012 11

79 1045 177 1075 cum
203 1032 259 1084 et,
283 1028 384 1074 dum
411 1028 517 1074 lucis
547 1027 705 1087 aliquid
732 1030 937 1085 superest,
963 1027 1114 1085 quibus
1135 1027 1237 1072 locis
1265 1029 1408 1086 praesi-

0 1124 1 1127 =
79 1094 148 1140 dia
166 1098 337 1152 ponant,
368 1108 451 1152 qua
469 1096 615 1152 pateat
635 1092 733 1137 hine
754 1092 907 1144 exitus,
931 1091 1238 1149 exploremus.''
1301 1094 1406 1138 Haec
1424 1106 1471 1143 12

78 1159 219 1204 omnia
237 1158 384 1218 sagulo
413 1157 573 1217 gregali
594 1157 772 1202 amictus
801 1156 1118 1202 centurionibus
1145 1158 1248 1202 item
1277 1159 1408 1203 mani-

77 1223 287 1282 pularium
323 1221 502 1267 militum
538 1221 686 1266 habitu
722 1221 873 1274 ductis
911 1236 965 1265 ne
1002 1220 1151 1266 ducem
1187 1223 1405 1268 circumire

77 1289 221 1334 hostes
241 1290 452 1340 notarent,
475 1286 759 1346 perlustravit.
821 1285 989 1343 Vigiliis
1017 1285 1167 1330 deinde
1189 1287 1402 1344 dispositis
1416 1297 1517 1348 (35)

77 1352 244 1399 caeteris
274 1351 469 1396 omnibus
500 1355 704 1396 tesseram
735 1350 825 1396 dari
850 1350 984 1408 jubet,
1017 1349 1091 1395 ubi
1122 1351 1315 1397 secundae
1345 1353 1406 1397 vi·

76 1417 188 1476 gih'ae
216 1416 395 1463 buccina
423 1415 570 1461 datum
597 1416 765 1475 signum
794 1418 918 1468 esset,
942 1415 1092 1460 armati
1119 1431 1215 1460 cum
1240 1417 1406 1462 silentio

77 1483 131 1528 ad
160 1499 206 1528 se
234 1481 519 1528 convenirent.
580 1482 679 1530 Quo
705 1480 780 1526 ubi
808 1482 917 1526 sicut
949 1480 1134 1525 edictum
1165 1487 1255 1527 erat
1286 1483 1441 1529 taciti?

77 1550 376 1602 convenerunt,
406 1549 432 1569 “
447 1546 547 1591 Hoc
575 1545 800 1598 silentium,
823 1545 1021 1599 milites,'’
1043 1545 1183 1604 inquit
1214 1547 1406 1592 “omisso

8 1622 10 1625 ’
75 1612 249 1658 militari
284 1611 466 1656 adsensu
499 1611 545 1656 in
578 1626 645 1655 me
675 1609 882 1655 audiendo
914 1610 1165 1655 servandum
1204 1615 1297 1657 est:
1333 1612 1408 1658 ubi

78 1677 331 1724 sententiam
366 1691 503 1721 meam
537 1674 657 1720 vobis
692 1690 908 1733 peregero,
944 1680 1036 1719 tum
1074 1675 1226 1733 quibus
1261 1675 1406 1721 eadem

76 1741 303 1801 placebunt
335 1740 381 1785 in
416 1739 609 1785 dextram
644 1742 808 1796 partem
847 1739 969 1785 taciti
1003 1739 1263 1784 transibitis:
1312 1757 1404 1799 quae

76 1822 174 1866 pars
194 1806 328 1864 major
347 1805 442 1859 erit,
465 1819 515 1850 eo
536 1803 721 1849 stabitur
740 1803 926 1849 consilio.
988 1803 1130 1858 Nunc,
1152 1820 1243 1862 quae
1263 1813 1403 1852 mente
1418 1820 1440 1856 3

44 1885 49 1889 ·
76 1872 246 1930 agitem,
278 1869 434 1915 audite.
494 1869 597 1914 Non
624 1868 728 1926 fuga
757 1867 917 1913 delatos
947 1883 1025 1914 nec
1055 1868 1208 1914 inertia
1235 1870 1403 1917 relictos

76 1936 148 1982 hie
167 1951 244 1981 vos
275 1934 551 1980 circumvenit
577 1933 741 1979 hostis:
772 1933 931 1977 virtute
960 1933 1130 1990 cepistis
1150 1933 1301 1986 locum,
1322 1937 1405 1980 vir-

75 2004 173 2047 tute
202 2001 303 2046 hine
337 2002 507 2057 oportet
542 1998 742 2044 evadatis,
804 1997 1025 2042 Veniendo
1060 1997 1143 2044 hue
1173 2000 1441 2049 exercituin4

0 2099 3 2108 ,
77 2066 296 2126 egregium
325 2063 481 2124 populo
516 2063 710 2109 Romano
747 2062 971 2107 servastis:
1015 2063 1271 2121 erumpendo
1306 2065 1404 2111 hinc

0 2124 21 2193 ι’Ι
78 2132 243 2177 vosmet
276 2129 391 2188 ipsos
431 2133 622 2175 servate:
660 2127 778 2187 digni
812 2127 915 2173 estis
950 2126 1023 2185 qui
1056 2128 1179 2185 pauci
1212 2128 1403 2187 pluribus

0 2209 6 2238 ι
80 2209 203 2254 opem
227 2194 428 2249 tuleritis,
455 2193 539 2252 ipsi
563 2192 720 2239 nullius
748 2192 904 2238 auxilio
933 2192 1151 2251 egueritis.
1213 2193 1322 2240 Cum
1352 2211 1403 2243 eo
1416 2205 1439 2242 5

0 2275 6 2304 ι
81 2258 203 2319 hoste
227 2274 296 2307 res
323 2263 403 2315 est,
425 2259 498 2318 qui
522 2258 724 2305 hesterno
753 2257 821 2304 die
849 2256 1016 2304 delendi
1036 2258 1169 2305 omnis
1192 2260 1401 2308 exercitus
