1649 2452
206 90 285 130 524
537 91 580 130 T.
612 89 762 130 LIVII
793 88 1214 133 HISTORIARUM
1323 145 1380 185 [A.
1399 146 1435 177 C·
1452 143 1527 179 322.

212 181 422 236 scriberet,
446 183 532 237 sed,
557 200 687 243 quum
706 185 964 243 revertisset,
984 187 1252 245 potissimum
1273 202 1325 231 ex
1344 187 1526 232 tribunis

210 248 496 294 consularibus
517 249 715 294 habuisse
747 265 871 308 quem
899 266 952 295 ex
979 251 1149 309 collegis
1178 251 1349 309 optione
1379 251 1431 296 ab
1461 267 1528 296 se-

174 316 313 356 9natu
343 312 442 357 data
471 313 629 358 socium
662 313 743 358 sibi
771 315 936 372 imperii
965 315 1180 374 deligeret.
1240 315 1353 360 Nam
1383 315 1528 374 populi

209 375 388 433 quidem,
412 393 541 434 penes
563 393 688 434 quem
717 382 906 436 potestas
937 380 1122 424 omnium
1153 395 1291 424 rerum
1324 383 1450 433 esset,
1473 395 1528 424 ne

206 439 311 484 iram
352 441 518 499 quidem
557 457 756 500 umquam
797 443 1045 488 atrociorem
1084 443 1215 488 fuisse
1249 444 1295 488 in
1334 459 1418 497 eos,
1455 443 1528 502 qui

206 507 444 549 temeritate
466 509 592 564 atque
620 507 787 551 inscitia
816 507 1026 552 exercitus
1054 508 1303 563 amisissent,
1325 524 1450 566 quam
1476 511 1527 552 ut

200 569 382 626 pecunia
410 584 481 613 eos
508 570 733 614 multaret:
766 572 905 628 capite
933 572 1190 629 anquisitum
1217 571 1270 616 ob
1299 587 1388 616 rem
1417 571 1527 616 bello

205 633 311 677 male
341 637 504 691 gestam
536 633 587 678 de
617 634 868 691 imperatore
896 635 1012 680 nullo
1049 635 1101 680 ad
1136 652 1226 681 cam
1263 635 1371 681 diem
1407 651 1524 681 esse:

204 712 316 742 nunc
352 697 528 742 ducibus
564 699 708 756 populi
745 700 936 753 Romani,
972 716 1064 757 quae
1103 716 1156 744 ne
1195 700 1318 744 vietis
1359 700 1527 758 quidem

205 760 314 805 bello
343 762 407 805 fas
437 762 579 816 fuerit,
603 763 744 821 virgas
773 767 816 808 et
847 779 1016 808 secures
1046 764 1276 809 victoribus
1308 770 1351 809 et
1378 765 1528 822 justis-

144 834 192 870 10
209 825 336 870 simos
357 827 519 871 meritis
540 827 775 884 triumphos
803 828 1018 873 intentari.
1082 828 1198 876 Quid
1219 829 1326 873 enim
1356 828 1525 873 tandem

206 904 426 946 passurum
446 891 578 935 fuisse
602 892 731 936 filium
760 908 897 946 suum,
921 893 958 937 si
985 893 1217 937 exercitum
1245 893 1466 946 amisisset,
1489 894 1525 938 si

204 953 324 998 fusus
363 954 538 1012 fugatus
574 957 723 1001 castris
759 960 913 1002 exutus
944 957 1128 1002 fuisset?
1161 972 1244 1015 quo
1278 957 1392 1002 ultra
1421 958 1526 1002 iram

205 1017 532 1078 violentiamque
562 1021 653 1078 ejus
685 1036 953 1066 excessuram
982 1022 1114 1066 fuisse
1145 1037 1270 1080 quam
1299 1026 1349 1066 ut
1379 1022 1526 1067 verbe-

204 1086 320 1127 raret
354 1086 642 1142 necaretque?
675 1101 799 1143 quam
835 1086 1085 1131 conveniens
1122 1102 1226 1139 esse,
1259 1090 1432 1145 propter
1468 1087 1524 1136 Q.

205 1147 384 1193 Fabium
405 1150 620 1194 civitatem
641 1150 686 1195 in
705 1150 853 1196 laetitia
874 1151 1053 1196 victoria
1081 1151 1455 1210 supplicationibus
1477 1167 1525 1197 ac

203 1212 557 1270 gratulationibus
586 1230 690 1270 esse,
712 1231 820 1269 eum,
843 1219 1015 1274 propter
1043 1231 1167 1273 quem
1196 1215 1319 1260 deum
1347 1215 1523 1260 delubra

204 1279 391 1334 pateant,
409 1293 491 1322 arae
508 1279 721 1323 sacrificiis
743 1280 908 1324 fument
927 1280 1085 1324 honore
1107 1279 1226 1324 donis
1243 1280 1525 1335 cumulentur,

203 1340 413 1386 nudatum
450 1343 581 1401 virgis
614 1343 789 1388 lacerari
823 1345 868 1388 in
904 1348 1133 1402 conspectu
1167 1344 1311 1402 populi
1343 1344 1526 1388 Romani

204 1405 441 1451 intuentem
463 1407 718 1465 Capitolium
739 1412 865 1467 atque
895 1424 1031 1453 arcem
1058 1409 1240 1466 deosque
1269 1409 1320 1453 ab
1349 1425 1394 1453 se
1422 1408 1525 1453 duo-

202 1469 282 1514 bus
303 1471 459 1528 proeliis
488 1472 600 1516 haud
627 1472 788 1517 frustra
815 1473 1071 1518 advocatos?
1105 1488 1188 1530 quo
1215 1473 1260 1517 id
1287 1472 1424 1517 animo
1452 1489 1525 1518 ex-

201 1535 396 1589 ercitum,
421 1536 493 1594 qui
514 1540 605 1594 ejus
635 1536 767 1582 ductu
796 1538 1075 1596 auspiciisque
1102 1537 1285 1592 vicisset,
1305 1537 1523 1582 laturum?

202 1614 326 1656 quem
354 1599 517 1644 luctum
548 1601 593 1644 in
624 1602 771 1646 castris
803 1602 1019 1656 Romanis,
1043 1617 1167 1660 quam
1194 1602 1381 1646 laetitiam
1412 1602 1524 1646 inter

200 1663 344 1708 hostes
374 1664 500 1709 fore?
532 1666 626 1710 haec
661 1666 787 1711 simul
816 1670 995 1725 jurgans
1026 1682 1205 1725 querens
1237 1665 1358 1711 desim
1390 1667 1524 1711 homi-

202 1743 386 1786 numque
423 1729 546 1774 fidem
578 1729 795 1775 obtestans
827 1735 870 1776 et
901 1731 1142 1789 complexus
1171 1730 1300 1774 filium
1333 1730 1522 1788 plurimis

87 1796 190 1850 (34)
204 1807 299 1837 cum
318 1793 500 1838 lacrimis
522 1794 686 1852 agebat.
752 1795 900 1841 Stabat
929 1812 1024 1841 cum
1045 1811 1094 1841 eo
1123 1799 1295 1840 senatus
1322 1795 1522 1853 majestas

202 1857 320 1901 favor
359 1859 504 1916 populi
542 1859 815 1905 tribunicium
855 1861 1056 1905 auxilium
1094 1859 1295 1904 memoria
1336 1859 1521 1904 absentis

201 1922 440 1967 exercitus:
474 1939 527 1968 ex
561 1927 681 1981 parte
718 1926 849 1969 altera
881 1925 1100 1983 imperium
1138 1924 1341 1969 invictum
1377 1923 1521 1982 populi

201 1985 383 2031 Romani
418 1991 462 2032 et
498 1989 716 2047 disciplina
750 1990 812 2034 rei
841 1990 1034 2034 militaris
1075 1993 1118 2034 et
1153 1988 1372 2033 dictatoris
1413 1988 1522 2033 edic-

198 2054 290 2095 tum
320 2066 396 2109 pro
426 2053 598 2097 numine
629 2069 793 2111 sempor
823 2054 1088 2098 observatum
1126 2058 1165 2097 ct
1202 2052 1417 2096 Manliana
1447 2053 1520 2096 im-

196 2115 312 2172 peria
347 2120 390 2160 et
425 2117 668 2174 posthabita
707 2118 782 2162 filii
814 2119 965 2163 caritas
1005 2117 1182 2175 publica>
1217 2117 1396 2162 utilitati
1429 2120 1521 2174 jac-

195 2178 422 2224 tabantur:
455 2181 535 2226 hoc
575 2182 702 2227 etiam
741 2183 793 2227 L.
814 2183 994 2227 Brutum
1028 2181 1286 2227 conditorem
1314 2182 1518 2227 Romanae

194 2242 400 2290 libertatis
441 2250 565 2292 antea
604 2247 650 2293 in
689 2246 852 2294 duobus
892 2247 1032 2293 liberis
1073 2246 1251 2293 fecisse:
1292 2261 1405 2293 nunc
1444 2261 1517 2306 pa-
