1649 2452
527 98 639 140 LIB.
669 99 768 140 VII.
800 101 863 149 24,
886 99 950 141 25.
1321 100 1400 141 453

79 154 124 187 A.
142 154 181 187 c.
200 153 288 195 346]

78 196 172 252 bus,
188 197 286 255 quia
305 194 454 240 hiemis
468 194 554 240 vim
575 195 664 253 pati
684 196 973 252 nequiverant,
988 208 1064 252 per
1085 207 1253 251 campos
1273 195 1400 238 mari-

76 261 264 319 timaque
289 259 381 304 loca
403 260 501 318 vagi
525 258 858 318 populabantur;
890 273 1004 304 mare
1028 258 1229 303 infestum
1257 258 1401 303 classi-

77 325 156 370 bus
178 325 418 370 Graeeorum
446 329 536 368 erat
565 339 720 382 oraque
750 324 884 368 litoris
905 323 1093 368 Antiatis
1123 323 1400 381 Laurensque

79 392 239 434 tractus
259 393 303 434 et
324 388 487 433 Tiberis
515 389 639 441 ostia,
667 392 715 433 ut
738 388 952 446 praedones
981 387 1179 432 maritimi
1199 403 1293 432 oum
1316 391 1400 432 ter-

75 453 281 498 restribus
315 452 530 511 congressi
565 453 740 511 ancipiti
775 453 903 498 semel
935 452 1081 511 proelio
1117 451 1396 505 decertarent,

76 517 276 576 dubiique
307 517 680 562 discesserint—in
709 523 848 562 castra
883 517 1004 571 Galli,
1038 516 1174 561 Graeei
1202 519 1317 560 retro
1347 517 1400 560 ad

75 582 396 627 naves—victos
417 597 463 627 se
484 597 538 626 an
557 582 738 627 victores
760 585 973 640 putarent.
1035 581 1156 626 Inter
1176 581 1253 625 hos
1273 580 1399 639 longe
1416 590 1439 626 3

75 647 283 691 maximus
310 646 477 691 exstitit
503 650 644 691 terror
671 646 846 691 concilia
873 645 1123 704 populorum
1148 645 1401 690 Latinorum

75 711 129 756 ad
157 711 299 756 lucum
332 711 569 756 Ferentinae
599 710 743 755 habita
771 725 1101 768 responsumque
1132 708 1246 754 haud
1271 709 1401 754 ambi-

75 792 205 835 guum
228 775 532 834 imperantibus
559 775 715 820 milites
737 775 941 820 Romanis
963 775 1122 828 datum,
1146 775 1400 820 absisterent

74 841 280 899 imperare
307 841 372 885 his
401 855 579 899 quorum
607 840 766 885 auxilio
794 843 980 898 egerent,
1008 839 1187 884 Latinos
1216 855 1294 898 pro
1324 855 1402 884 sua

74 904 270 950 libertate
296 905 438 963 potius
467 920 592 963 quam
619 919 696 963 pro
724 904 858 948 alieno
885 904 1060 962 imperio
1085 904 1246 948 laturos
1271 919 1398 948 arma.

74 969 197 1014 Inter
217 969 300 1014 duo
321 969 446 1014 simul
461 968 570 1014 bella
591 974 765 1013 externa
786 968 1021 1013 defectione
1042 968 1169 1012 etiam
1192 968 1399 1013 sociorum
1416 976 1442 1014 4

74 1038 246 1079 senatus
267 1034 416 1078 anxius
437 1049 568 1092 quum
589 1038 779 1078 cerneret
802 1036 919 1077 metu
946 1032 1151 1077 tenendos
1172 1047 1277 1091 quos
1297 1032 1400 1077 fides

74 1113 160 1143 non
188 1099 410 1152 tenuisset,
442 1098 669 1143 extendere
699 1113 843 1142 omnes
874 1097 1036 1155 imperii
1065 1097 1176 1142 vires
1207 1097 1400 1142 consules

75 1162 233 1208 dilectu
259 1162 450 1208 habendo
473 1163 630 1220 jussit:
663 1162 775 1207 civili
804 1162 958 1220 quippe
987 1161 1185 1206 standum
1211 1162 1401 1207 exercitu

74 1243 179 1282 esse,
217 1228 384 1287 quando
419 1227 582 1273 socialis
618 1231 752 1272 coetus
789 1227 1013 1271 desereret.
1076 1226 1277 1285 Undique
1316 1242 1402 1272 non
1418 1233 1440 1271 5

73 1292 230 1337 urbana
262 1297 431 1337 tantum
461 1292 535 1337 sed
565 1292 692 1337 etiam
723 1292 882 1350 agresti
907 1291 1134 1350 juventute
1166 1291 1310 1336 decem
1345 1291 1402 1337 le·

74 1357 221 1415 giones
246 1358 414 1415 soriptae
442 1357 645 1402 dicuntur
673 1356 924 1415 quaternum
951 1355 1129 1400 millium
1150 1362 1194 1401 et
1221 1355 1403 1401 duceno-

74 1436 169 1466 rum
195 1421 385 1480 peditum
414 1422 689 1480 equitumque
719 1425 997 1476 trecenorum,
1030 1436 1154 1480 que-m
1184 1436 1298 1466 nune
1327 1437 1402 1466 no-

74 1500 174 1530 vum
209 1487 453 1539 exercitum,
491 1486 528 1531 si
563 1501 646 1544 qua
676 1490 851 1530 externa
881 1486 944 1530 vis
975 1486 1160 1544 ingruat,
1193 1485 1258 1531 hae
1290 1486 1401 1531 vires

74 1550 218 1608 populi
239 1551 432 1604 Romani,
448 1565 551 1608 quas
573 1551 644 1594 vix
663 1553 872 1595 terrarum
894 1550 1006 1608 capit
1028 1549 1154 1603 orbis,
1173 1554 1401 1596 contractae

73 1614 120 1659 in
143 1630 274 1659 unum
304 1615 417 1659 haud
444 1615 564 1659 facile
593 1615 798 1659 efficiant:
831 1614 934 1660 adeo
965 1616 1010 1659 in
1041 1631 1132 1673 quae
1162 1614 1400 1659 laboramus

74 1678 165 1724 sola
183 1679 617 1724 crevimus—divitias
638 1679 944 1737 luxuriamque.
994 1679 1116 1723 Inter
1137 1683 1290 1723 caetera
1304 1680 1399 1724 tris·
1417 1692 1441 1730 6

78 1743 138 1787 tia
169 1742 261 1801 ejus
298 1744 395 1788 anni
430 1743 578 1788 consul
613 1743 719 1788 alter
754 1745 835 1801 Ap.
859 1743 1061 1788 Claudius
1098 1743 1143 1787 in
1178 1743 1272 1799 ipso
1303 1743 1402 1789 belli

75 1816 279 1866 apparatu
314 1809 504 1861 moritur,
542 1808 836 1865 redieruntque
871 1823 939 1852 res
976 1807 1028 1852 ad
1068 1807 1298 1862 Camillum,
1333 1808 1403 1853 cui

76 1873 198 1917 unico
229 1872 388 1918 consuli
421 1872 488 1917 vel
519 1872 572 1917 ob
608 1871 729 1915 aliam
764 1872 1050 1930 dignationem
1082 1871 1195 1916 haud
1231 1872 1402 1930 subjici-

75 1936 223 1981 endam
264 1936 484 1982 dietaturae
515 1936 581 1981 vel
616 1938 670 1982 ob
711 1937 1080 1981 omen—faustum
1113 1936 1166 1981 ad
1198 1937 1402 1982 Gallicum

74 2001 624 2060 tumultum—cognominis
654 2001 902 2046 dictatorem
930 2001 1125 2059 adrogari
1154 2001 1266 2045 haud
1298 2003 1401 2046 satis

75 2064 271 2110 decorum
292 2066 428 2110 visum
447 2070 513 2110 est
534 2065 737 2124 patribus.
801 2065 959 2110 Consul
981 2065 1143 2110 duabus
1164 2065 1402 2125 legionibus
1421 2082 1444 2122 7

75 2129 172 2175 urbi
204 2131 454 2189 praepositis,
485 2136 582 2176 octo
613 2141 708 2176 cum
745 2131 796 2175 L.
817 2131 989 2175 Pinario
1024 2135 1205 2188 praetore
1242 2131 1400 2185 divisis,

77 2208 236 2239 memor
273 2198 459 2253 paternae
499 2195 672 2240 virtutis
714 2195 920 2240 Gallicum
962 2195 1042 2240 sibi
1081 2195 1240 2240 bellum
1279 2200 1403 2241 extra

80 2263 239 2305 sortem
266 2259 410 2315 smnit,
438 2262 663 2319 praetorem
691 2260 946 2306 maritimam
974 2275 1092 2306 oram
1121 2260 1256 2306 tutari
1285 2260 1402 2307 Grae-
