1649 2452
542 77 598 118 LI
611 78 653 118 13.
683 77 807 117 vm.
837 78 949 118 4-6.
1335 80 1413 121 485

91 133 131 165 A.
152 131 186 164 e.
205 131 296 172 332]

89 175 226 232 palam
260 174 418 218 diceret
456 177 512 226 et,
550 188 854 232 quemcumque
889 174 935 218 in
967 173 1084 218 cui-ia
1117 172 1320 218 Latinum
1354 175 1416 218 vi·

89 238 234 291 disset,
277 253 355 282 sua
394 253 522 282 manu
561 237 926 294 interempturum.
993 237 1053 282 Et
1093 251 1321 282 conversus
1362 237 1452 282 ad5

90 301 359 347 simulacrum
378 302 408 354 J
409 302 500 346 ovis
521 301 686 356 “Audi‚
707 301 736 345 J
737 302 918 360 uppiter‚
937 301 1028 347 haec
1055 301 1240 347 soelera'’
1261 302 1413 360 inquit,

92 369 119 391 “
130 366 285 421 audite,
300 366 329 410 J
329 382 382 410 us
402 366 588 423 Fasque:
621 366 864 424 peregrinos
880 366 1072 412 consules
1088 370 1131 410 et
1148 367 1416 424 peregrinum

91 436 284 476 senatum
304 431 349 474 in
367 435 457 484 tuo,
480 431 508 474 J
510 430 692 487 uppster,
713 434 921 488 augurato
941 430 1099 488 templo
1119 434 1269 487 captus
1289 435 1417 489 atque

91 496 182 553 ipse
210 509 437 553 oppressus
458 494 626 538 visurus
647 495 725 539 es?
755 494 938 539 haeccine
967 494 1124 539 foedera
1152 494 1300 539 'Pullus
1329 494 1419 539 Ro-

91 575 241 603 manus
270 574 347 603 rex
376 574 472 603 cum
502 557 677 602 Albanis
708 559 898 616 patribus
934 560 1099 612 vestris,
1133 559 1291 612 Latini,
1327 558 1418 603 haec

92 624 144 669 L.
186 623 438 682 Tarquinius
478 622 696 667 vobiscum
731 626 827 680 post
868 638 918 668 ea
947 623 1080 668 fecit?
1110 638 1197 668 non
1226 623 1344 667 venit
1373 623 1420 667 in

93 692 276 732 mentem
297 703 439 746 pugna
466 686 578 744 apud
606 686 821 745 Regillum
848 687 1018 732 laeum?
1050 687 1153 732 adeo
1174 691 1218 733 et
1239 687 1421 733 cladium

94 757 286 797 veterum
324 756 560 796 vestrarum
603 755 646 795 et
686 750 983 796 beneficiorum
1032 756 1275 797 nostrorum
1321 767 1422 810 erga

94 832 170 862 vos
205 816 327 861 obliti
361 816 463 860 estis
478 817 526 858 ?''
571 815 716 863 Quum
751 815 935 860 consulis
975 831 1122 862 vocem
1162 815 1422 875 subsequuta
1438 821 1511 874 (6)

96 885 265 939 patrum
299 879 533 939 indignatio
574 882 700 932 esset,
739 879 935 937 proditur
969 881 1181 926 memoriae
1221 883 1422 926 adversus

98 945 287 990 crebram
309 944 643 1002 implorationem
675 943 813 997 desim,
838 960 942 1001 quos
970 949 1105 990 testes
1125 944 1331 990 foederum
1351 961 1421 990 sae-

97 1010 193 1068 pius
223 1009 474 1054 invocabant
505 1008 711 1061 eonsules,
745 1023 892 1054 vocem
921 1009 1053 1054 Annii
1083 1010 1320 1068 spernentis
1346 1025 1426 1054 nu-

98 1075 213 1119 mina
245 1074 274 1118 J
275 1074 364 1119 ovis
400 1074 583 1118 Romani
617 1073 832 1118 auditam:
873 1079 989 1119 certe
1025 1090 1156 1133 quum
1190 1077 1425 1119 commotus

98 1140 162 1184 ira
181 1155 228 1184 se
249 1154 274 1183 a
293 1139 500 1184 vestibulo
529 1138 677 1196 templi
697 1138 830 1183 citato
851 1138 986 1197 gradu
1013 1140 1260 1198 proriperet,
1283 1139 1426 1196 lapsus

100 1219 175 1262 per
195 1203 351 1263 gradus
379 1204 516 1262 capite
542 1203 730 1262 graviter
751 1203 910 1249 offenso
938 1204 1147 1262 impactus
1168 1204 1253 1248 imo
1280 1203 1343 1248 ita
1361 1206 1427 1247 est

102 1284 203 1313 saxo
223 1272 272 1313 ut
294 1269 516 1326 sopiretur.
577 1268 876 1313 Exanimatum
907 1272 1101 1314 auctores
1127 1268 1323 1328 quoniam
1342 1281 1429 1312 non
1443 1277 1468 1314 2

102 1347 247 1377 omnes
275 1337 387 1386 sunt,
418 1333 521 1377 mihi
548 1347 714 1391 quoque
739 1332 785 1376 in
811 1333 974 1378 incerto
1002 1333 1196 1378 relictum
1226 1333 1294 1386 sit,
1317 1332 1428 1377 sicut

103 1397 214 1442 inter
230 1397 432 1442 foederum
448 1401 668 1455 ruptorum
685 1397 955 1442 testationem
971 1397 1134 1456 ingenti
1153 1397 1320 1455 fragore
1335 1396 1430 1442 coeli

103 1461 327 1520 procellam
358 1461 558 1506 effusam:
591 1476 688 1505 nam
710 1465 754 1506 et
774 1477 875 1506 vera
902 1478 995 1507 esse
1016 1468 1060 1507 et
1081 1467 1178 1521 apte
1199 1462 1253 1506 ad
1275 1476 1429 1519 reprae-

105 1526 352 1570 sentandam
372 1526 476 1570 iram
498 1525 622 1570 desim
642 1526 742 1570 ficta
760 1530 953 1583 possunt.
1014 1527 1255 1584 Torquatus
1275 1526 1430 1570 missus
1446 1535 1470 1572 3

107 1591 159 1635 ab
175 1594 325 1635 senatu
339 1589 392 1634 ad
408 1589 679 1635 dimittendos
695 1590 859 1647 legatos
873 1606 1006 1648 quum
1019 1591 1230 1650 jacentem
1245 1589 1433 1635 Annium

106 1655 294 1708 vidisset,
317 1654 522 1699 exclamat
543 1655 604 1699 ita
623 1658 673 1699 ut
701 1655 855 1713 populo
884 1655 1160 1714 patribusque
1187 1655 1332 1699 audita
1349 1668 1434 1698 vox

107 1720 265 1778 pariter
300 1719 381 1764 sit:
417 1720 571 1764 “Bene
606 1718 758 1764 habet:
792 1719 851 1764 dii
886 1720 1003 1777 pium
1042 1734 1211 1764 movere
1251 1718 1433 1763 bellum:

108 1788 175 1829 est
205 1784 374 1829 eoeleste
402 1799 588 1837 numen3
618 1799 676 1838 es,
697 1799 847 1842 magne
877 1784 1100 1842 Juppiter:
1133 1782 1247 1828 haud
1275 1783 1436 1827 frustra

107 1852 154 1893 te
194 1851 356 1905 patrem
398 1847 523 1892 desim
563 1847 862 1906 hominumque
900 1848 982 1893 hac
1025 1847 1124 1893 sede
1164 1847 1434 1892 sacravimus.

111 1912 224 1966 Quid
252 1912 439 1966 cessatis,
471 1912 662 1961 Quirites
690 1927 850 1971 vosque
879 1916 1022 1971 patres
1052 1911 1292 1970 conscripti,
1321 1919 1478 1956 arma4

111 1992 261 2035 oepere
296 1976 385 2022 deis
426 1976 636 2022 ducibus?
669 1977 729 2022 sic
764 1980 920 2022 stratas
960 1976 1148 2035 legiones
1189 1977 1437 2021 Latinorum

113 2041 233 2095 dabo,
256 2056 382 2100 quem
401 2040 455 2086 ad
473 2040 645 2086 modum
661 2041 849 2100 legatum
864 2041 1074 2100 jacentem
1094 2040 1291 2086 videtis.'’
1350 2040 1437 2085 Ad·
1455 2050 1479 2088 5

113 2120 241 2150 sensu
266 2105 413 2164 populi
441 2109 619 2165 excepta
644 2121 729 2151 vox
756 2105 939 2152 consulis
965 2109 1135 2151 tantum
1161 2106 1322 2151 ardoris
1348 2105 1439 2150 ani-

115 2169 195 2216 mis
219 2169 335 2227 fecit,
361 2173 413 2216 ut
441 2170 605 2230 legatos
635 2170 949 2230 proficiscentes
978 2186 1081 2217 cura
1109 2171 1439 2231 magistratuum
