1649 2452
219 111 297 152 650
526 112 570 152 Τ.
600 111 748 153 LIVII
781 111 1203 154 HISTORIARUM

217 221 296 250 nec
327 204 461 263 gloria
490 205 590 251 belli
619 220 696 252 nec
736 211 942 266 apparatu
971 208 1156 255 linteata:
1187 164 1532 267 legioniA'dlysridii:

157 279 206 316 10
219 270 306 314 Hic
336 270 551 314 hominum
580 286 795 325 numeruS,
829 271 942 331 quod
972 273 1134 318 roboris
1174 277 1279 329 erat,
1311 272 1365 317 ad
1405 271 1535 330 Aqui-

219 333 373 378 loniam
394 333 596 379 consedit.

105 396 209 451 (39)
279 397 485 443 Consules
521 398 699 456 profecti
728 399 780 445 ab
810 400 940 446 urbe:
972 401 1086 459 prior
1125 401 1196 460 Sp.
1221 399 1439 453 Carvilius,
1471 398 1538 444 cui

221 465 385 507 veteres
406 462 604 522 legiones,
628 479 730 521 quas
760 464 823 509 M.
847 465 1004 510 Atilius
1025 465 1251 524 superioris
1277 463 1375 509 anni
1395 463 1539 508 consul

221 527 266 572 in
286 542 387 585 agro
410 528 686 572 Interamnati
714 528 953 587 reliquerat,
977 529 1155 575 decreta:
1183 532 1329 574 erant:
1360 543 1452 573 cum
1480 527 1538 572 eis

221 591 267 636 in
302 591 517 636 Samnium
552 592 780 650 profectus,
819 594 919 638 dum
959 593 1103 639 hostes
1138 593 1301 652 operati
1338 592 1540 651 supersti-

221 655 408 700 tionibus
429 656 602 701 concilia
623 660 786 702 secreta
809 661 955 716 agunt,
976 659 1240 703 Amiternum
1268 656 1466 715 oppidum
1489 656 1540 701 de

222 720 481 765 Samnitibus
494 721 536 765 vi
557 721 689 778 cepit:
723 736 830 767 caesa
850 723 908 767 ibi
928 723 1056 766 millia
1074 723 1290 767 hominum
1306 721 1389 766 duo
1410 721 1540 766 ferme

222 788 349 843 atque
377 785 623 844 octingenti,
647 793 771 843 capta
790 791 992 844 quattuor
1018 787 1147 832 millia
1173 786 1343 831 ducenti
1373 789 1541 844 septua-

223 849 342 907 ginta
362 865 370 894 :
401 849 595 907 Papirius
616 865 726 894 novo
747 852 1058 896 exercitu—ita
1085 851 1194 896 enim
1216 850 1431 896 decretum
1452 851 1541 894 erat

223 913 439 971 -scripto
470 914 699 958 Duroniam
740 915 886 960 urbem
922 916 1205 974 expugnavit:
1248 915 1386 959 minus
1417 929 1543 972 quam

222 977 383 1036 collega
413 978 525 1035 cepit
555 978 784 1032 hominum,
817 979 911 1037 plus
943 981 1154 1039 aliquanto
1185 978 1364 1024 occidit:
1401 977 1544 1036 praeda

187 1052 212 1089 2
225 1041 425 1099 opulenta
444 1041 668 1100 utrobique
689 1046 754 1087 cst
775 1048 907 1100 parta.
968 1044 1074 1089 Inde
1095 1043 1312 1102 pervagati
1329 1042 1542 1087 Samnium

222 1106 416 1152 consules
445 1106 626 1151 maxime
648 1108 899 1165 depopulato
927 1109 1101 1153 Atinate
1132 1123 1232 1167 agro
1254 1107 1460 1152 Carvilius
1491 1105 1544 1150 ad

224 1170 475 1224 Cominium,
516 1170 711 1228 PapirIus
759 1171 811 1216 ad
853 1173 1128 1230 Aquiloniam,
1169 1171 1242 1216 ubi
1282 1186 1445 1216 summa
1484 1169 1543 1216 rei

188 1235 475 1280 3Samnitium
509 1239 613 1288 erat,
646 1237 848 1293 pervenit.
909 1237 979 1282 Ibi
1015 1235 1270 1296 aliquamdiu
1305 1251 1382 1280 nec
1412 1251 1545 1280 cessa-

224 1303 317 1344 tum
345 1299 396 1344 ab
418 1299 543 1344 armis
571 1303 637 1344 est
667 1315 802 1359 neque
822 1302 986 1346 naviter
1013 1305 1272 1360 pugnatum:
1304 1299 1544 1345 lacessendo

224 1365 390 1423 quietos
438 1364 733 1409 resistentibus
774 1365 959 1410 cedendo
1000 1366 1371 1424 comminandoque
1412 1365 1545 1423 magis

226 1444 351 1488 quam
370 1428 586 1474 inferendo
607 1444 791 1487 pugnam
820 1430 908 1475 dies
931 1430 1252 1475 absumebatur:
1285 1428 1397 1488 quod
1419 1445 1543 1488 quum

225 1493 481 1551 inciperetur
507 1493 892 1553 remsttereturque,
914 1495 1097 1540 omnium
1133 1510 1273 1540 rerum
1301 1494 1425 1539 etiam
1453 1508 1547 1552 par·

190 1565 372 1603 4varum
407 1561 584 1603 eventus
615 1559 907 1616 proferebatur
941 1561 986 1604 in
1017 1559 1119 1604 dies.
1181 1559 1328 1604 Altera
1358 1558 1548 1603 Romana

226 1627 376 1678 castra,
397 1638 490 1681 quae
524 1623 675 1681 viginti
705 1623 880 1668 millium
912 1625 1048 1683 spatio
1080 1625 1266 1677 aberant,
1289 1627 1333 1668 et
1363 1623 1548 1668 absentis

227 1687 397 1745 collegae
419 1687 593 1732 consilia
620 1688 814 1733 omnibus
841 1689 1037 1747 gerendis
1067 1689 1299 1734 intererant
1329 1687 1468 1740 rebus,
1489 1687 1550 1732 iu-

228 1752 472 1810 tentiorque
501 1751 722 1806 Carvilius,
753 1767 835 1811 quo
866 1757 1023 1811 majore
1054 1753 1291 1798 discrimine
1320 1768 1387 1797 res
1414 1756 1550 1797 verte-

228 1815 367 1869 batur,
390 1816 434 1860 in
454 1816 721 1874 Aquiloniam
754 1833 877 1876 quam
909 1817 961 1862 ad
983 1818 1218 1862 Cominium
1249 1816 1360 1876 quod
1390 1815 1553 1861 obside·

193 1880 302 1925 nbat
338 1884 441 1925 crat.
502 1881 553 1925 L.
578 1882 772 1939 Papirius
798 1885 886 1939 jam
917 1898 992 1940 per
1021 1883 1160 1927 omnia
1190 1882 1242 1927 ad
1272 1881 1550 1926 dimicandum

231 1946 333 1990 satis
355 1948 526 2003 paratus
554 1947 748 1991 nuntium
780 1947 831 1991 ad
853 1947 1052 2005 collegam
1082 1947 1226 2000 mittit,
1251 1946 1330 1992 sibi
1351 1947 1393 1991 in
1414 1946 1552 1990 animo

232 2025 323 2055 csse
346 2014 515 2068 postero
548 2010 626 2066 dic,
648 2013 684 2056 si
709 2027 784 2070 per
813 2012 997 2069 auspicia
1026 2012 1183 2064 liceret,
1207 2010 1429 2069 confligere
1457 2025 1551 2055 cum

233 2075 382 2119 hoste:
423 2090 529 2133 opus
570 2091 662 2120 esse
702 2080 744 2120 et
785 2076 901 2121 illum
934 2081 1091 2135 quanta
1130 2076 1310 2121 maxima
1338 2075 1379 2120 vi
1409 2080 1552 2134 posset

234 2139 469 2185 Cominium
492 2155 748 2198 oppugnare,
772 2156 824 2186 ne
845 2141 945 2199 quid
972 2141 1196 2186 laxamenti
1218 2141 1273 2185 sit
1295 2139 1552 2185 Samnitibus

199 2203 288 2249 fiad
326 2203 513 2249 subsidia
542 2205 808 2264 Aquiloniam
839 2205 1056 2251 mittenda.
1117 2205 1238 2250 Diem
1281 2204 1330 2249 ad
1368 2204 1553 2262 proficis-

235 2268 411 2317 cendum
435 2270 608 2316 nuntius
630 2269 789 2328 habuit,
812 2277 935 2317 nocte
956 2269 1080 2317 rediit
1101 2268 1329 2330 adprobare
1351 2269 1551 2331 collegam
