1649 2452
532 267 718 317 ΤῙΤΙ
789 265 1016 316 LIVII

193 432 336 507 AB
410 430 731 506 URBE
809 427 1353 503 CONDITA

409 588 1150 646 HISTORIARUM.

599 820 786 866 LIBER
816 819 949 865 Vm.

161 993 261 1038 Jffl
292 993 487 1038 consules
522 995 644 1038 erant
676 992 726 1039 C.
749 992 944 1038 Plautius
974 992 1131 1038 iterum
1159 991 1214 1037 L.
1236 990 1511 1043 AEmilius(l)

103 1057 359 1111 Mamercus,
382 1074 518 1116 quum
540 1058 676 1103 Setini
696 1057 972 1117 Norbanique
994 1057 1175 1102 Romam
1198 1057 1343 1102 nuntii
1363 1056 1434 1102 de-
1513 1067 1515 1070 '

103 1123 299 1169 fectionis
320 1123 633 1168 Privernatium
654 1139 790 1181 quum
811 1121 1082 1182 querimoniis
1104 1125 1286 1180 acceptae
1303 1121 1432 1167 cladis

104 1191 324 1234 venerunt.
385 1187 643 1233 Vulscorum
662 1188 766 1233 item
792 1188 1025 1234 exercitum
1047 1187 1152 1233 duce
1173 1187 1342 1232 Antiati
1362 1203 1430 1246 po·
1445 1196 1467 1232 2

101 1253 202 1311 pulo
230 1251 471 1298 consedisse
501 1252 556 1297 ad
587 1253 798 1298 Satricum
830 1252 1016 1298 adlatum
1048 1255 1127 1297 est.
1187 1252 1430 1311 Utrumque

101 1317 257 1364 bellum
287 1317 457 1362 Plautio
486 1320 600 1362 sorte
625 1318 754 1362 venit.
817 1317 943 1362 Prius
973 1317 1026 1362 ad
1053 1317 1306 1362 Privernum
1335 1328 1468 1376 pro-3

100 1382 240 1428 fectus
270 1381 482 1440 extemplo
512 1382 600 1427 acie
631 1382 849 1428 conflixit:
880 1381 996 1427 haud
1023 1397 1176 1441 magno
1204 1383 1430 1428 certamine

101 1446 257 1492 devicti
277 1447 435 1503 hostes,
457 1446 658 1506 oppidum
685 1451 856 1506 captum
883 1446 1181 1506 redditumque
1209 1447 1432 1492 Priverna-

100 1511 216 1557 tibus
231 1511 426 1570 praesidio
440 1511 578 1556 valido
594 1512 806 1570 imposito,
825 1512 916 1570 agri
933 1514 1074 1570 partes
1097 1511 1191 1557 duae
1209 1511 1427 1571 ademptae.

99 1576 207 1622 Inde
227 1576 363 1622 victor
383 1575 595 1622 exercitus
618 1576 828 1622 Satricum
849 1579 998 1622 contra
1018 1576 1216 1621 Antiates
1245 1576 1400 1622 ductus
1419 1586 1466 1622 :4

0 1657 2 1668 ·
98 1640 158 1686 ibi
178 1656 330 1699 magna
349 1641 563 1699 utrimque
589 1640 702 1686 caede
732 1647 856 1686 atrox
882 1640 1076 1700 proelium
1103 1640 1201 1695 fuit,
1225 1644 1269 1686 et
1299 1657 1429 1701 quum

97 1708 329 1765 tempestas
369 1721 441 1751 eos
480 1708 634 1751 neutro
674 1705 874 1751 inclinata
915 1722 989 1764 spe
1030 1705 1278 1751 dimicantes
1319 1706 1427 1752 dire-

98 1771 257 1826 misset,
277 1771 461 1817 Romani
480 1770 585 1816 nihil
605 1786 655 1816 eo
676 1770 906 1817 certamine
926 1777 1014 1816 tam
1036 1771 1233 1830 ambiguo
1261 1771 1395 1817 fessi
1381 1787 1427 1817 m

96 1844 316 1895 posterum
335 1836 447 1882 diem
466 1836 659 1896 proelium
679 1840 842 1895 parant.
903 1835 1075 1882 Vulscis
1096 1837 1425 1893 recensentibus,
1440 1844 1461 1880 5

98 1916 204 1960 quos
232 1901 346 1947 viros
373 1901 419 1946 in
447 1901 535 1946 acie
563 1901 816 1955 amisissent,
845 1900 1170 1960 haudquaquam
1196 1900 1308 1947 idem
1338 1902 1426 1948 ani-

95 1982 192 2011 mus
232 1966 287 2011 ad
325 1965 566 2011 iterandum
604 1965 837 2038 ρει-1811111111
878 1965 986 2011 fuit:
1028 1968 1153 2011 nocte
1193 1981 1270 2024 pro
1298 1966 1422 2012 victis

96 2031 275 2076 Antium
304 2030 471 2089 agmine
500 2030 667 2089 trepido
699 2029 852 2076 sauciis
883 2045 931 2075 ac
958 2032 1079 2089 parte
1105 2029 1421 2090 impedimento-

96 2111 193 2141 rum
211 2095 361 2141 relicta
379 2095 587 2141 abierunt.
647 2097 878 2140 Armorum
903 2110 1058 2154 magna
1075 2094 1141 2142 vis
1161 2111 1292 2155 quum
1311 2096 1423 2142 inter
1436 2101 1459 2139 6

0 2170 2 2201 t
97 2175 206 2206 emsa
234 2161 422 2206 hostium
451 2175 629 2219 corpora
656 2166 751 2206 tum
781 2160 827 2205 in
856 2160 1008 2206 castris
1036 2160 1211 2207 inventa
1240 2163 1330 2207 est:
1372 2177 1423 2208 ea

100 2224 206 2273 Luae
225 2225 350 2272 matri
370 2224 470 2272 dare
490 2241 536 2272 58
556 2225 704 2272 consul
730 2224 850 2281 dixit,
873 2225 1060 2285 finesque
1079 2225 1264 2274 hostium
1285 2242 1419 2286 usque
