1649 2452
459 102 466 105 '
514 109 626 151 Liss.
657 111 734 151 lx.
767 112 935 152 14—16.
1311 111 1388 152 553

81 162 107 194 A
137 162 276 202 C.31?.]

79 213 200 263 capta
233 204 413 262 receptis
442 205 635 250 omnibus
667 205 798 264 signis
834 205 1040 263 armisque
1074 219 1165 262 quae
1198 202 1250 247 ad
1281 204 1384 248 Cau-

77 268 193 314 dium
223 268 374 313 amissa
407 273 527 313 erant
560 273 616 323 et,
649 269 761 327 quod
790 271 929 314 omnia
967 268 1191 327 superabat
1224 267 1388 325 gaudia,

75 332 288 392 equitibus
314 333 586 391 recuperatiS,
617 349 721 392 quos
749 334 927 392 pignora
956 333 1070 392 pacis
1093 331 1390 378 custodiendos

74 396 296 442 Luceriam
330 397 539 442 Samnites
569 397 782 442 dederant.
844 397 976 443 Haud
997 397 1126 442 ferme
1148 396 1228 440 alia
1255 400 1393 440 muta·
1410 404 1431 443 7

75 461 190 506 tione
217 461 358 506 subita
377 477 518 506 rerum
551 461 700 506 clarior
730 462 906 507 victoria
936 461 1080 520 populi
1103 461 1284 505 Romani
1312 467 1391 513 est,

78 525 113 570 si
154 525 323 584 quidem
363 525 662 584 etiam—quod
703 526 951 584 quibusdam
990 526 1035 569 in
1074 524 1291 569 annalibus
1331 525 1394 568 in-

77 589 434 634 venio—Pontius
472 591 678 635 Herennii
712 591 822 634 filius
863 589 1115 634 Samnitium
1149 590 1391 646 imperator,

77 657 126 698 ut
164 655 353 712 expiaret
394 654 613 699 consulum
662 654 944 713 ignominiam,
986 653 1064 699 sub
1102 653 1253 711 jugum
1296 668 1393 698 cum

78 719 239 763 caeteris
270 722 336 762 est
365 718 533 763 missus.
596 718 807 763 Caeterum
837 719 881 762 id
912 719 1050 762 minus
1081 717 1211 761 miror
1241 716 1394 762 obscu-
1412 727 1435 764 8

77 797 171 826 rum
203 797 295 827 esse
330 781 382 827 de
416 782 602 827 hostium
638 782 744 827 duce
785 782 927 827 dedito
960 783 1198 839 missoque:
1230 781 1275 826 id
1309 798 1396 825 ma-

77 846 142 904 gis
177 845 366 891 mirabile
401 852 466 891 est
502 846 669 905 ambigi,
704 847 918 891 Luciusne
960 846 1180 891 Cornelius
1215 845 1397 891 dictator

78 926 173 955 cnm
199 911 252 956 L.
275 911 445 969 Papirio
476 911 659 957 Cursore
694 913 898 971 magistro
932 913 1122 970 equitum
1151 927 1221 956 eas
1248 927 1316 956 res
1343 910 1398 955 ad

79 975 286 1020 Caudium
307 981 433 1035 atque
453 975 550 1020 inde
577 976 800 1021 Luceriam
829 978 1007 1035 gesserit
1031 976 1227 1035 ultorque
1246 977 1397 1020 unicus

78 1039 280 1085 Romanae
299 1040 537 1099 ignominiae
557 1040 670 1084 haud
700 1041 828 1085 sciam
855 1056 909 1084 an
928 1041 1163 1098 justissimo
1183 1041 1398 1098 triumpho

79 1103 131 1148 ad
150 1119 242 1148 eam
262 1108 430 1149 aetatem
456 1105 687 1149 secundum
718 1105 894 1149 Furium
926 1105 1146 1150 Camillum
1166 1105 1399 1163 triumpha-

77 1168 198 1221 verit,
221 1183 276 1212 an
302 1169 521 1213 consulum
550 1169 791 1227 Papiriique
818 1170 1073 1227 praecipuum
1104 1169 1148 1213 id
1179 1169 1306 1214 decus
1327 1169 1396 1213 sit.

80 1233 280 1291 Sequitur
304 1233 416 1277 hunc
447 1249 630 1278 errorem
662 1233 767 1278 alius
799 1249 926 1287 error,
961 1234 1173 1278 Cursorne
1202 1234 1397 1291 Papirius
1414 1242 1437 1280 9

78 1297 278 1354 proximis
309 1297 491 1342 comitiis
521 1313 617 1342 cum
649 1298 703 1346 Q.
726 1298 853 1342 Aulio
885 1299 1115 1343 Cerretano
1154 1299 1308 1342 iterum
1344 1297 1398 1343 ob

78 1376 165 1405 rem
187 1361 294 1406 bene
313 1365 477 1420 gestam
496 1361 686 1407 Luceriae
712 1363 957 1407 continuato
980 1363 1232 1420 magistratu
1252 1362 1400 1407 consul

79 1425 252 1470 tertium
288 1430 456 1470 creatus
492 1427 561 1482 sit,
596 1441 651 1470 an
688 1426 740 1471 L.
763 1427 957 1483 Papirius
993 1427 1240 1485 Mugilanus
1276 1431 1319 1472 et
1354 1427 1399 1470 in

0 1497 2 1524 ῑ
79 1490 326 1547 cognomine
361 1494 546 1535 erratum
580 1490 650 1535 sit.
711 1491 918 1536 Convenit
945 1495 1034 1549 jam
1069 1491 1166 1535 inde
1196 1507 1271 1549 per
1301 1487 1514 1543 con-(16)

81 1555 194 1598 sules
214 1554 375 1612 reliqua
394 1553 492 1599 belli
511 1555 710 1612 perfecta.
771 1555 924 1600 Aulius
950 1571 1046 1600 cum
1069 1555 1293 1600 Frentanis
1314 1570 1398 1599 uno
1413 1563 1437 1599 2

81 1617 266 1663 secundo
291 1618 436 1676 proelio
465 1618 686 1663 debellavit
713 1619 943 1678 urbemque
967 1621 1112 1678 ipsam,
1136 1635 1219 1678 quo
1240 1635 1285 1664 se
1306 1619 1401 1663 fusa

81 1683 318 1728 contulerat
345 1683 468 1736 acies,
498 1682 712 1727 obsidibus
744 1684 958 1741 imperatis
988 1685 1033 1729 in
1059 1684 1314 1729 deditionem
1335 1699 1400 1728 ac-

81 1747 206 1805 cepit.
268 1747 367 1791 Pari
396 1747 568 1791 fortuna
603 1747 749 1792 consul
779 1748 885 1792 alter
916 1763 1009 1793 cum
1054 1748 1294 1800 Satricanis,
1328 1748 1440 1806 qui3

81 1812 193 1856 cives
223 1811 407 1856 Romani
436 1815 533 1869 post
565 1811 795 1856 Caudinam
828 1812 988 1857 cladem
1012 1812 1065 1857 ad
1094 1813 1301 1857 Samnites
1329 1812 1400 1857 de-

79 1875 267 1920 fecerant
287 1875 610 1934 praesidiumque
631 1891 774 1920 eorum
796 1877 841 1921 in
860 1877 1005 1922 urbem
1031 1881 1289 1934 acceperant,
1312 1892 1400 1921 rem

80 1940 226 1998 gessit.
286 1941 396 1984 Nam
436 1955 567 1997 quum
600 1940 653 1984 ad
686 1941 839 1985 moenia
872 1942 1024 1986 Satrici
1059 1941 1252 1985 admotus
1288 1945 1444 1987 esset4

80 2005 292 2049 exercitus
311 2003 546 2063 legatisque
573 2005 712 2049 missis
743 2004 795 2049 ad
821 2021 966 2064 pacem
996 2021 1091 2051 cum
1115 2005 1309 2064 precibus
1330 2021 1402 2063 pe-

80 2068 248 2112 tendam
269 2069 393 2113 triste
413 2084 660 2127 responsum
683 2069 735 2114 ab
751 2070 921 2115 consule
942 2070 1154 2115 redditum
1174 2074 1298 2123 esset,
1320 2071 1402 2114 nisi

80 2132 275 2189 praesidio
316 2133 567 2178 Samnitium
605 2134 830 2179 interfecto
870 2139 945 2180 aut
983 2135 1141 2180 tradito
1179 2151 1233 2180 ne
1269 2134 1322 2179 ad
1356 2149 1402 2179 se

82 2199 330 2249 remearent,
367 2197 463 2255 plus
502 2213 553 2244 ea
589 2213 692 2243 voce
732 2214 856 2257 quam
897 2200 1023 2245 armis
1062 2199 1189 2244 illatis
1228 2199 1401 2244 terroris

83 2260 240 2308 colonis
258 2261 475 2321 injectum.
533 2262 688 2323 Itaque
715 2279 844 2324 quum
874 2264 1052 2312 subinde
1072 2267 1402 2325 exsequerentur
1416 2273 1440 2312 5
