1649 2452
524 91 714 129 ARGUM
721 92 786 128 EN
791 92 873 131 ΤΑ.
1307 112 1332 139 v

119 176 307 272 iffi}
319 178 1337 273 cums&23350‘3213233duffiss303ssfu333

119 277 380 310 matronamm
399 275 682 322 deprehensum
699 279 770 320 est,
791 288 839 312 ex
855 276 994 323 quibus
1009 276 1186 323 plurimae
1202 274 1338 310 statim

119 322 244 368 epotis
272 322 592 359 medicaminibus
620 324 842 371 perierunt:
878 325 940 360 lex
965 323 1013 359 de
1043 322 1224 359 veneficio
1251 326 1338 357 tum

119 370 288 416 primum
304 372 516 407 constituta
533 376 603 408 est.
646 371 935 408 Privernatibus
951 383 1071 418 quum
1088 369 1339 407 rebellassent

118 417 230 454 victis
258 418 395 454 civitas
419 418 513 455 data
537 423 609 456 est.
662 420 927 467 Palaepolitani
950 419 1051 455 bello
1076 423 1116 454 et
1140 417 1338 454 obsidione

119 465 211 502 victi
235 465 276 502 in
304 466 542 503 deditionem
569 471 770 504 venerunt.
824 468 868 513 Q.
889 468 1066 510 Publilio,
1090 466 1157 513 qui
1181 477 1246 502 eos
1270 465 1336 501 ob-

119 513 286 558 sederat,
306 515 433 560 primo
449 519 490 551 et
513 516 564 550 im
598 516 719 552 crium
744 516 939 562 prolatum
963 521 1004 551 et
1027 513 1246 562 proconsuli
1270 513 1334 548 de-

118 566 247 598 cretus
270 563 504 609 triumphus.
589 563 670 599 lebs
698 575 798 599 nexu
825 564 987 600 liberata
1017 566 1077 599 est
1101 567 1263 609 propter
1292 560 1333 596 L.

117 609 264 660 Papirii
280 610 482 647 creditoris
505 611 717 656 libidinem,
739 613 805 658 qui
830 611 871 649 C.
889 612 1054 648 Publilio
1079 609 1245 646 debitori
1267 620 1337 644 suo

119 661 298 704 stuprum
314 658 455 695 inferre
472 659 655 696 voluerat.
709 660 834 705 Quum
847 660 890 696 L.
904 660 1083 706 Papirius
1099 658 1241 696 Cursor
1257 656 1336 692 dic-

117 709 223 762 tator
245 717 420 743 reversus
441 707 481 743 in
505 707 640 743 urbem
663 707 713 743 ab
738 709 914 744 exercitu
938 712 1041 744 esset
1065 710 1227 753 propter
1249 716 1335 761 aus-

116 765 178 836 {³31⁰
180 765 309 837 mbgffss'
312 754 538 848 effla}
546 755 912 840 ifissssffusmffiff
926 759 1113 839 θῖὶῑὲἰίἳῗ
1124 765 1336 848 εἷξῗῗὲὲὲῗ

115 859 208 895 pere
224 849 407 886 adversus
425 850 617 887 Samnites
634 852 845 898 pugnavit:
873 851 922 887 ob
939 863 1025 887 eam
1042 861 1197 887 causam
1214 860 1331 896 quum

115 895 285 932 dictator
304 896 354 933 de
375 899 562 944 magistro
584 900 758 945 equitum
783 899 1015 945 supplicium
1032 905 1258 945 sumpturus
1277 897 1336 933 vi-

113 945 283 992 deretur,
305 946 448 982 Fabius
470 946 635 982 Romam
651 946 834 992 profugit,
862 951 902 981 et
919 957 1037 992 quum
1062 957 1202 993 parum
1219 957 1337 984 causa

115 994 332 1042 proficeret,
352 993 487 1041 populi
512 993 690 1040 precibus
715 993 881 1029 donatus
905 998 974 1029 est.
1025 993 1102 1030 Res
1125 999 1271 1042 praeter
1286 1007 1335 1032 ea

113 1046 248 1079 contra
264 1042 458 1080 Samnites
474 1052 659 1088 prospere
675 1045 806 1088 gestas
822 1042 1005 1078 continet.

635 1131 735 1169 LIB.
760 1131 831 1169 IX.

158 1208 202 1246 Τ.
220 1208 440 1245 VETURIUS
464 1208 529 1256 Sp.
547 1208 770 1245 Postumius
799 1209 972 1245 consules
1001 1209 1107 1256 apud
1135 1208 1330 1248 Caudinas

111 1256 256 1293 Furcas
279 1257 446 1293 deducto
470 1258 510 1292 in
535 1256 660 1292 locum
684 1257 858 1304 iniquum
884 1259 1067 1302 exercitu,
1097 1269 1217 1305 quum
1242 1269 1332 1305 spes

111 1305 215 1341 nulla
241 1309 344 1341 osset
371 1304 570 1347 evadendi,
600 1304 741 1340 foedere
771 1317 860 1341 cum
894 1305 1131 1342 Samnitibus
1158 1306 1261 1342 facto
1290 1309 1331 1341 et

109 1354 302 1390 sexcentis
330 1353 523 1400 equitibus
550 1352 735 1388 Romanis
767 1353 964 1389 obsidibus
997 1353 1100 1390 datis
1133 1354 1190 1390 ita
1222 1365 1329 1390 exer·

110 1402 232 1438 citum
264 1401 510 1437 abduxerunt
543 1406 587 1437 ut
615 1413 749 1437 omnes
781 1401 853 1437 sub
879 1401 1018 1448 jug-um
1052 1403 1323 1438 mitterentur:

108 1449 301 1496 iidemque
333 1454 490 1485 auctore
516 1449 582 1496 Sp.
603 1449 802 1486 Postumio
835 1449 1000 1492 consule,
1027 1451 1094 1497 qui
1122 1451 1163 1486 in
1192 1454 1329 1486 senatu

109 1501 286 1534 suaserat
300 1501 347 1533 ut
362 1509 495 1533 eorum
511 1497 719 1540 deditione,
737 1509 902 1544 quorum
919 1498 1034 1545 culpa
1055 1502 1138 1534 tam
1155 1497 1329 1534 deforme

108 1545 235 1582 foedus
249 1546 371 1581 ictum
388 1550 484 1590 erat,
504 1545 659 1592 publica
682 1545 779 1582 fides
801 1545 1042 1591 liberaretur,
1069 1557 1158 1582 cum
1175 1546 1327 1582 duobus

107 1593 272 1629 tribunis
288 1593 412 1639 plebis
429 1598 468 1629 et
484 1593 660 1629 omnibus
676 1594 742 1640 qui
758 1593 876 1629 fidem
893 1594 1184 1640 spoponderant
1203 1594 1327 1630 dediti

107 1640 345 1678 Samnitibus
360 1653 436 1677 non
454 1645 544 1677 sunt
560 1642 716 1688 recepti.
767 1640 804 1676 N
808 1652 851 1677 ec
873 1641 997 1678 multo
1021 1646 1112 1689 post
1129 1654 1175 1678 ea
1191 1642 1285 1678 fusis
1303 1654 1327 1678 a

106 1689 262 1736 Papirio
280 1689 442 1726 Cursore
467 1689 703 1726 Samnitibus
725 1693 766 1725 et
790 1690 860 1726 sub
881 1689 1018 1736 jugum
1042 1691 1169 1726 missis
1194 1701 1325 1736 recep-

106 1738 234 1784 tisque
265 1738 456 1773 sexcentis
496 1737 689 1783 equitibus
722 1737 918 1782 Romanis,
956 1738 1023 1784 qui
1055 1738 1209 1774 obsides
1241 1738 1327 1774 dati

106 1791 230 1830 crant,
262 1785 389 1832 pudor
446 1785 555 1821 rioris
583 1785 718 1831 flagitii
748 1785 914 1821 abolitus
942 1790 1014 1822 ost.
1067 1785 1208 1822 Tribus
1236 1785 1326 1822 duae

107 1833 269 1879 adjectae
297 1837 389 1869 sunt
457 1833 605 1869 sentina
632 1838 673 1869 et
706 1833 880 1870 Falerna.
931 1833 1071 1870 Suessa
1104 1839 1146 1870 et
1172 1834 1325 1871 Pontiae

106 1882 260 1917 coloniae
283 1881 461 1917 deductae
479 1885 579 1916 sunt.
629 1882 705 1927 Ap.
725 1880 910 1918 Claudius
925 1893 1061 1918 censor
1077 1893 1219 1928 aquam
1236 1893 1324 1929 per-

105 1929 232 1975 duxit,
251 1929 353 1966 viam
375 1930 514 1965 stravit
537 1940 624 1975 quae
649 1930 780 1976 Appia.
802 1933 939 1966 vocata
961 1932 1033 1975 cst,
1053 1929 1322 1968 libertinorum

104 1977 202 2014 filios
225 1978 265 2014 in
289 1981 467 2014 senatum
491 1977 608 2023 legit:
634 1976 809 2023 ideoque,
838 1977 1020 2024 quoniam
1044 1978 1078 2014 is
1099 1978 1195 2014 ordo
1218 1979 1323 2015 vide·

103 2025 221 2062 batur
250 2026 474 2072 inquinatus
505 2024 686 2071 indignis,
719 2026 916 2071 sequentis
953 2025 1045 2061 anni
1077 2026 1251 2063 consules
1282 2027 1325 2064 in

104 2078 243 2110 senatu
274 2073 438 2120 legendo
476 2073 777 2109 observaverunt
808 2085 924 2120 quem
957 2073 1008 2109 ad
1040 2073 1199 2110 modum
1231 2079 1324 2112 ante

133 2122 300 2157 roximos
317 2131 493 2157 censores
509 2121 649 2157 fuerat.
699 2120 777 2158 Res
793 2125 939 2168 praeter
955 2132 1002 2157 en
1022 2127 1159 2158 contra
1173 2122 1323 2170 Apulos

139 2173 288 2206 truscos
312 2168 482 2206 Umbros
506 2167 656 2205 Marsos
677 2168 858 2216 Pelignos
880 2168 1030 2216 AEquos
1054 2174 1095 2206 et
1111 2170 1320 2217 Samnites,

23 2236 27 2249 2
101 2217 242 2265 quibus
265 2216 392 2255 foedus
416 2217 638 2254 restitutum
663 2222 735 2263 est,
764 2228 949 2265 prospere
973 2222 1106 2266 gestas
1129 2219 1314 2260 eontinet.
