1649 2452
186 69 264 107 592
507 68 555 107 Τ.
582 67 734 107 LIVII
765 67 1188 107 HISTORIARUM

183 160 311 215 misit,
342 165 386 205 et
422 177 552 218 quum
583 162 803 219 quaesitum
840 163 964 213 esset,
996 160 1155 206 dilectu
1189 177 1243 206 an
1275 121 1502 208 vtautdtgorii

183 238 260 280 pro
291 225 549 269 Samnitibus
581 225 779 269 adversus
806 225 1022 269 Romanos
1047 225 1289 281 bellassent,
1316 241 1392 284 per
1418 227 1504 272 La-

183 288 296 332 tinos
317 289 493 346 populos
515 288 778 333 custodiendi
800 288 954 333 dantur
970 289 1162 348 jussique
1183 305 1274 334 eam
1292 290 1504 350 integram

184 367 272 396 rem
292 353 390 396 novi
411 352 602 397 consules
623 353 671 397 P.
694 352 913 397 Cornelius
938 353 1098 397 Arvina
1117 353 1174 402 Q.
1197 353 1385 399 Marcius
1405 352 1504 400 'Pte-

182 416 426 460 mulus—hi
453 417 564 460 enim
578 419 667 472 jam
696 417 828 461 creati
855 417 1086 462 erant—ad
1113 421 1306 462 senatum
1332 418 1502 463 referre.

148 479 238 523 7Id
272 495 382 537 aegre
417 481 530 537 passi
564 480 756 533 Hernici,
787 481 1010 525 concilium
1039 481 1289 539 populorum
1317 483 1506 527 omnium

183 543 434 588 habentibus
456 544 691 600 Anagninis
711 545 756 588 in
776 545 886 589 circo
908 560 1033 602 quem
1051 545 1318 589 Maritimum
1336 551 1503 600 vocant,

185 611 337 665 praeter
357 608 634 652 Aletrinatem
655 608 1050 666 Ferentinatemque
1071 615 1114 653 et
1136 609 1390 653 Verulanum
1419 625 1507 655 om-

186 686 261 715 nes
282 671 459 715 Hernici
479 672 658 716 nominis
680 672 836 730 populo
857 672 1048 716 Romano
1069 672 1223 717 bellum
1246 673 1504 718 indixerunt.

72 733 178 786 (43)
246 735 300 779 In
321 736 489 779 Samnio
511 750 688 794 quoque,
712 736 810 794 quia
830 735 1067 780 decesserat
1091 735 1188 781 inde
1216 736 1385 790 Fabius,
1406 739 1507 783 novi

187 802 328 843 motus
358 800 519 844 exorti:
554 800 717 844 Calatia
744 805 787 844 et
817 801 922 844 Sora
947 799 1220 858 praesidiaque
1249 816 1340 859 quae
1368 801 1413 846 in
1437 801 1505 847 his

187 864 380 908 Romana
400 867 519 908 erant
542 868 793 923 expugnata,
814 868 858 908 et
877 864 920 908 in
949 865 1209 921 captivorum
1237 879 1410 923 corpora
1429 867 1507 910 mi-

151 927 308 971 2litum
329 928 439 972 foede
467 929 672 972 saevitum.
734 928 886 986 Itaque
907 943 956 973 eo
987 929 1035 972 P.
1060 928 1279 973 Cornelius
1307 944 1404 974 cum
1433 945 1505 974 ex-

187 992 322 1036 ercitu
342 992 521 1036 missus:
553 992 717 1036 Marcio
745 993 843 1036 novi
869 993 1155 1050 hostes—jam
1183 993 1294 1038 enim
1321 994 1506 1052 Anagni-

92 1056 95 1058 ’
149 1056 251 1100 3nis
272 1056 553 1114 Hernicisque
575 1056 665 1100 aliis
685 1056 841 1100 bellum
864 1059 1037 1113 jussum
1059 1057 1504 1102 erat—decernuntur.

185 1120 328 1164 Primo
347 1120 409 1164 ita
428 1120 567 1164 omnia
594 1123 831 1177 opportuna
856 1119 947 1165 loca
973 1120 1116 1165 hostes
1146 1121 1257 1165 inter
1286 1122 1506 1167 consulum

185 1187 324 1229 castra
343 1185 657 1242 interceperunt
672 1188 721 1228 ut
742 1183 966 1241 pervadere
983 1185 1204 1243 expeditus
1224 1186 1399 1230 nuntius
1419 1201 1506 1231 non

184 1253 341 1307 posset,
358 1253 401 1293 et
421 1264 495 1306 per
516 1248 674 1306 aliquot
691 1248 778 1292 dies
799 1249 948 1293 incerti
968 1265 1107 1293 rerum
1124 1250 1308 1293 omnium
1330 1265 1506 1308 suspen-

186 1313 305 1371 sique
321 1312 372 1358 de
388 1316 505 1357 statu
520 1312 691 1357 alterius
713 1318 890 1370 uterque
907 1313 1053 1357 consul
1073 1316 1230 1370 ageret,
1242 1313 1506 1372 Romamque

185 1378 222 1422 is
252 1381 389 1422 metus
425 1382 613 1421 manaret
643 1376 746 1421 adeo
776 1381 825 1421 ut
856 1392 1001 1421 omnes
1027 1377 1214 1435 juniores
1245 1382 1506 1423 sacramento

187 1441 455 1500 adigerentur
490 1445 616 1500 atque
656 1440 709 1484 ad
744 1440 884 1485 subita
923 1457 1063 1485 rerum
1097 1441 1181 1486 duo
1211 1442 1317 1498 justi
1351 1441 1507 1486 scribe-

150 1514 334 1553 4rentur
367 1507 590 1552 exercitus.
653 1507 863 1551 Caeterum
902 1507 1137 1552 Hernicum
1166 1506 1317 1551 bellum
1349 1522 1507 1565 nequa·

188 1587 313 1630 quam
333 1587 409 1629 pro
429 1570 628 1628 praesenti
643 1575 804 1615 terrore
826 1586 875 1616 ac
894 1576 1064 1615 vetusta
1083 1572 1224 1629 gentis
1245 1571 1378 1629 gloria
1397 1571 1502 1616 fuit:

187 1636 291 1680 nihil
324 1650 501 1693 usquam
539 1635 656 1679 dictu
697 1635 871 1693 dignum
911 1636 1002 1679 ausi
1040 1636 1165 1680 trinis
1204 1636 1354 1680 castris
1393 1636 1508 1680 intra

188 1714 343 1758 paucos
380 1700 469 1744 dies
505 1700 623 1744 exuti
657 1699 834 1758 triginta
864 1699 1023 1744 dierum
1055 1699 1252 1752 indutias,
1283 1700 1345 1744 ita
1372 1704 1424 1744 ut
1454 1699 1508 1744 ad

188 1768 382 1809 senatum
401 1764 581 1808 Romam
603 1763 766 1822 legatos
793 1763 1024 1817 mitterent,
1047 1764 1161 1821 pacti
1188 1767 1289 1808 sunt
1315 1763 1508 1808 bimestri

188 1828 398 1887 stipendio
428 1829 724 1885 frumentoque
759 1831 803 1872 et
840 1828 1016 1886 singulis
1046 1828 1091 1872 in
1119 1827 1292 1872 militem
1323 1827 1506 1872 tunicis:

188 1894 240 1939 ab
280 1898 430 1938 senatu
465 1893 516 1938 ad
552 1893 761 1937 Marcium
802 1894 962 1951 reJeeti,
1000 1893 1068 1937 cui
1103 1897 1273 1938 senatus
1313 1893 1508 1938 consulto

188 1959 437 2016 permissum
459 1958 510 2002 de
531 1957 729 2002 Hernicis
751 1962 853 2010 erat,
877 1959 996 2015 isque
1017 1973 1105 2001 eam
1134 1962 1305 2016 gentem
1323 1958 1370 2002 in
1395 1956 1509 2001 dedi-

153 2024 344 2068 5tionem
381 2023 555 2081 accepit.
615 2022 672 2066 Et
707 2022 752 2065 in
790 2022 957 2066 Samnio
993 2021 1098 2066 alter
1132 2021 1279 2066 consul
1319 2021 1509 2079 superior

189 2087 360 2142 viribus,
391 2087 493 2131 locis
529 2085 768 2144 impeditior
797 2090 913 2130 erat:
945 2085 1084 2130 omnia
1116 2085 1269 2130 itinera
1302 2085 1510 2143 obsaepse-

191 2155 286 2195 rant
307 2151 449 2195 hostes
471 2151 687 2209 saltusque
714 2151 879 2208 pervios
909 2152 1119 2208 ceperant,
1141 2164 1195 2194 ne
1222 2164 1307 2207 qua
1333 2148 1510 2194 subvehi

191 2219 447 2263 commeatus
475 2219 672 2277 possent:
704 2230 839 2278 neque
860 2230 945 2271 eos,
967 2230 1096 2278 quum
1118 2214 1305 2275 quotidie
1326 2214 1447 2273 sigua
1466 2215 1510 2260 in
