1649 2452
216 51 292 90 498
543 48 587 87 T.
611 47 760 87 LIVII
791 46 1208 86 HISTORIARUM
1322 96 1370 139 [A
1397 98 1424 130 c
1453 98 1514 130 ⁸8⁵

211 142 331 189 urbis
350 142 405 188 ad
431 141 762 200 perdomandum
787 140 960 185 Latium
987 140 1189 185 victorem
1216 137 1527 184 circumducere

212 207 468 254 exercitum:
515 222 593 252 nec
624 206 821 264 quievere
856 209 954 250 ante
983 220 1110 263 quam
1144 202 1422 262 expugnando
1453 206 1528 249 aut

210 272 256 316 in
286 271 542 316 deditionem
571 269 810 328 accipiendo
840 269 1026 328 singulas
1050 268 1176 313 urbes
1206 267 1380 312 Latium
1405 282 1529 313 omne

212 335 439 394 subegere:
471 334 675 392 praesidiis
706 333 802 378 inde
832 333 1046 390 dispositis
1076 348 1151 391 per
1181 334 1351 389 recepta
1376 331 1531 389 oppida

211 400 393 444 Romam
427 398 481 442 ad
515 398 773 442 destinatum
809 397 993 442 omnium
1029 412 1235 441 consensu
1268 395 1530 453 triumphum

172 468 197 506 8
214 464 439 508 decessere.
501 462 685 506 Additus
715 461 929 519 triumpho
958 461 1091 505 honos
1120 464 1171 505 ut
1201 463 1353 505 statuae
1383 474 1531 517 eques-

212 533 300 573 tres
320 528 534 572 eis—rara
552 526 623 570 illa
642 530 766 570 aetate
787 525 957 570 res—in
975 525 1068 569 foro
1083 528 1350 583 ponerentur.
1404 523 1530 568 Prius

214 608 337 649 quam
360 591 539 636 comitiis
559 591 604 634 in
623 591 914 647 insequentem
935 604 1089 633 annum
1110 588 1302 633 consules
1318 591 1530 645 rogarent,
1599 625 1601 630 .

214 656 414 701 Camillus
442 655 493 698 de
520 654 685 698 Latinis
717 654 881 711 populis
909 653 962 697 ad
989 656 1178 697 senatum
1210 652 1376 696 rettulit
1404 654 1529 709 atque

212 721 274 764 ita
304 719 526 764 disseruit:
560 719 747 762 “Patres
775 717 1013 775 conscripti,
1042 716 1155 774 quod
1181 716 1289 760 bello
1321 716 1530 773 armisque

214 785 259 829 in
293 783 418 828 Latio
453 782 663 841 agendum
697 782 791 834 fuit,
824 781 868 825 id
897 784 988 839 jam
1023 780 1150 825 deum
1185 780 1447 838 benignitate
1483 795 1531 825 ac

214 849 373 893 virtute
393 847 574 892 militum
602 846 655 890 ad
681 846 806 891 finem
833 846 972 890 venit:
1007 845 1103 889 caesi
1130 844 1183 888 ad
1209 844 1374 888 Pedum
1398 845 1532 889 Astu-

214 927 388 970 ramque
408 915 507 956 sunt
529 911 741 955 exercitus
761 910 961 962 hostium,
983 909 1136 967 oppida
1154 908 1310 953 Latina
1329 908 1468 952 omnia
1486 911 1531 953 et

216 977 393 1020 Antium
420 991 473 1020 ex
492 975 663 1020 Vulscis
691 978 765 1018 aut
792 974 830 1017 vi
862 981 985 1031 capta
1014 976 1087 1017 aut
1114 976 1285 1030 recepta
1310 972 1355 1017 in
1385 971 1531 1017 dediti-

177 1048 200 1086 9
216 1055 339 1085 onem
367 1039 572 1098 praesidiis
607 1042 807 1084 tenentur
837 1038 1003 1082 vestris.
1063 1036 1248 1094 Reliqua.
1278 1037 1532 1082 consultatio

215 1109 292 1158 est,
317 1105 511 1164 quoniam
538 1102 776 1148 rebellando
804 1102 956 1160 saepius
984 1116 1060 1145 nos
1089 1101 1327 1154 sollicitant,
1351 1116 1532 1158 quonam

151 1169 338 1216 101110ᾶο
370 1171 576 1227 perpetua
609 1183 710 1226 pace
746 1167 910 1225 quietos
941 1165 1216 1210 obtineamus.
1278 1166 1337 1210 Di
1366 1166 1532 1210 immor·

214 1233 320 1278 tales
354 1233 416 1278 ita
450 1248 525 1277 vos
560 1235 755 1290 potentes
789 1231 916 1289 hujus
952 1230 1114 1275 consilii
1148 1230 1340 1274 fecerunt
1375 1233 1438 1283 ut,
1475 1229 1532 1274 sit

214 1299 387 1344 Latium
417 1296 566 1342 deinde
594 1312 648 1340 an
674 1311 759 1340 non
790 1295 858 1348 sit,
887 1296 933 1339 in
963 1298 1103 1338 vestra
1133 1310 1260 1338 manu
1289 1293 1530 1351 posuerint:

214 1362 356 1421 itaque
377 1377 521 1420 pacem
540 1360 671 1413 vobis,
695 1359 807 1418 quod
835 1359 884 1403 ad
913 1359 1090 1403 Latinos
1119 1358 1293 1411 adtinet,
1316 1373 1463 1416 parare
1489 1358 1534 1404 in

152 1436 196 1472 11
215 1430 466 1485 perpetuum
486 1425 553 1470 vel
572 1423 779 1469 saeviendo
800 1423 866 1468 vel
894 1422 1148 1481 ignoscendo
1175 1423 1366 1480 potestis.
1427 1421 1534 1467 Vul-

215 1491 271 1536 tis
306 1490 530 1536 crudeliter
571 1489 786 1534 consulere
820 1487 865 1532 in
900 1486 1062 1532 deditos
1103 1486 1403 1545 victosque—z
1434 1485 1534 1532 licet

216 1556 352 1601 delere
392 1571 514 1600 omne
553 1554 738 1606 Latium,
780 1557 920 1597 vastas
961 1551 1057 1596 inde
1098 1551 1343 1596 solitudines
1383 1552 1532 1605 facere,

215 1620 326 1665 unde
348 1619 490 1664 sociali
510 1618 679 1677 egregio
701 1618 889 1662 exercitu
916 1632 991 1674 per
1010 1615 1144 1660 multa
1170 1615 1278 1660 bella
1296 1630 1534 1674 magnaque

151 1693 198 1730 12
216 1701 324 1743 saepe
354 1685 421 1728 usi
451 1684 568 1728 estis.
631 1681 772 1726 Vultis
803 1680 994 1738 exemplo
1025 1683 1230 1737 majorum
1261 1695 1414 1737 augere
1444 1695 1534 1725 rem

215 1751 448 1795 Romanam
486 1749 621 1793 victos
661 1747 706 1791 in
746 1746 961 1791 civitatem
1002 1744 1325 1803 accipiendo—z
1357 1745 1534 1790 materia

214 1813 426 1859 crescendi
461 1829 536 1872 per
572 1826 777 1856 summam
818 1810 993 1868 gloriam
1033 1808 1304 1867 suppeditat:
1336 1816 1451 1854 certe
1490 1809 1535 1854 id

213 1879 497 1924 firmissimum
527 1877 651 1933 longe
681 1875 902 1933 imperium
933 1878 999 1919 est
1034 1888 1118 1931 quo
1153 1873 1396 1918 obedientes
1432 1888 1536 1932 gau-

151 1950 196 1987 13
215 1943 327 1988 dent.
381 1942 463 1988 Sed
483 1943 695 1986 maturato
715 1955 822 1998 opus
843 1942 921 1992 est,
945 1937 1148 1996 quidquid
1169 1942 1357 1982 statuere
1377 1937 1532 1994 placet:

214 2012 279 2052 tot
301 2007 476 2066 populos
497 2007 608 2051 inter
637 2020 753 2063 spem
782 2009 1025 2061 metumque
1052 2017 1277 2060 suspensos
1307 2002 1434 2047 animi
1462 2001 1535 2046 ha-

214 2073 335 2125 betis,
368 2077 411 2117 et
443 2075 627 2116 vestram
656 2070 799 2128 itaque
835 2068 886 2114 de
922 2067 984 2112 eis
1019 2081 1162 2111 euram
1193 2083 1317 2124 quam
1352 2066 1534 2125 primum

215 2137 372 2183 absolvi
401 2140 444 2182 et
474 2135 640 2181 illorum
670 2134 845 2187 animos,
873 2132 972 2177 dum
1003 2132 1316 2189 exspectatione
1346 2134 1533 2189 stupent,

151 2208 202 2257 14
216 2217 291 2254 seu
309 2216 432 2268 poeua
452 2216 528 2251 seu
547 2198 748 2251 beneficio
769 2196 1052 2268 praeoccupari
1079 2199 1261 2262 oportet.
1324 2194 1533 2250 Nostrum
