1649 2452
533 81 644 122 LIB.
675 80 793 119 VL·
1288 82 1367 121 379

45 137 89 168 A.
105 136 143 168 c.
160 135 253 178 aaa]

43 178 187 223 domos
214 174 396 236 profecti
421 177 523 220 sunt
550 175 670 219 malis
701 174 885 220 consiliis
916 187 1039 231 pares
1069 171 1214 230 adepti
1244 187 1366 217 even-

38 245 135 288 tus:
176 241 338 296 Vulsci,
378 239 454 285 ubi
493 255 539 285 se
579 239 770 284 desertos
812 237 864 283 ab
905 238 966 283 eis
1002 237 1145 282 videre
1186 251 1367 295 quorum

35 306 190 352 fiducia
223 274 540 357 rebellaverant,
577 303 737 348 relictis
777 302 928 348 castris
967 301 1176 347 moenibus
1214 301 1365 346 Satrici

0 399 1 412 ÷
38 387 85 416 se
113 370 348 416 includunt.
411 369 533 417 Quos
564 368 700 426 primo
731 367 933 413 Camillus
964 366 1073 411 vallo
1105 365 1366 412 circumdare
1380 374 1402 410 8

0 439 1 493 1
36 439 83 481 et
103 450 257 495 aggere
288 438 415 492 atque
447 433 643 492 operibus
672 447 917 491 oppugnare
947 435 1012 476 est
1041 430 1240 476 adortus:
1273 446 1366 490 quae

35 504 262 573 postquam
295 498 412 542 nulla
447 497 668 556 emptione
708 496 902 569 impediri
934 495 1063 550 videt,
1097 496 1238 541 minus
1274 511 1366 540 esse

34 564 161 609 animi
181 567 301 608 ratus
328 563 374 608 111
392 562 516 607 hoste
547 577 671 621 quam
698 565 749 606 ut
775 562 819 606 111
847 576 897 606 eo
917 563 1003 606 tam
1025 560 1152 606 lentae
1173 560 1265 619 spei
1283 561 1368 605 vic-

34 629 190 674 toriam
230 630 510 687 exspectaret,
553 627 801 671 cohortatus
849 625 1004 670 milites
1056 641 1110 670 ne
1149 627 1367 683 tamquam

35 693 170 738 Veios
205 696 498 751 oppugnantes
533 692 579 736 111
609 706 734 748 opere
769 690 1000 748 longinquo
1036 705 1128 735 sese
1161 693 1364 743 tererent,

37 758 256 803 victoriam
287 758 333 802 in
361 756 555 801 manibus
585 771 691 801 esse.
722 755 887 812 ingenti
926 754 1109 799 militum
1149 754 1367 799 alacritate

38 823 193 868 moenia
221 822 408 880 undique
438 821 664 878 adgressus
695 819 817 864 scalis
847 819 1049 878 oppidum
1077 820 1202 878 cepit.
1262 819 1366 864 Vul-
1380 827 1404 864 9

40 887 103 932 sci
122 887 299 945 abjectis
320 887 446 931 armis
468 901 559 931 sese
581 884 845 930 dediderunt.

98 951 312 996 Caeterum
340 951 503 995 animus
532 949 652 994 ducis
679 949 740 993 rei
762 948 914 1006 maj0ri
940 949 1073 994 Antio
1093 948 1365 994 imminebat:
1384 954 1456 1007 (9)

36 1015 83 1061 id
101 1019 228 1075 caput
254 1016 524 1068 Vulscorum,
547 1030 639 1060 eam
666 1014 798 1058 fuisse
828 1013 1034 1072 originem
1055 1015 1237 1072 proximi
1255 1013 1366 1059 belli.

39 1080 124 1126 Sed
144 1081 243 1140 quia
270 1081 354 1125 nisi
380 1095 533 1139 magno
562 1079 1052 1138 apparatu—tormentis
1080 1079 1405 1137 machinisque2
1442 1137 1447 1140 ι

37 1150 186 1190 —tam
220 1145 359 1190 valida
392 1145 494 1190 urbs
531 1145 624 1203 capi
652 1159 739 1189 non
769 1147 951 1202 poterat,
982 1144 1130 1189 relicto
1161 1144 1215 1189 ad
1250 1159 1369 1189 exer-

39 1211 170 1256 citum
206 1210 366 1270 collega
400 1211 582 1255 Romam
618 1213 685 1254 est
725 1209 956 1267 profectus,
993 1213 1044 1253 ut
1081 1213 1274 1254 senatum
1316 1209 1370 1253 ad

40 1275 318 1321 excidendum
344 1275 523 1320 Antium
550 1275 807 1319 hortaretur.
869 1274 992 1318 Inter
1020 1289 1255 1319 sermonem
1277 1274 1368 1332 ejus
1384 1283 1405 1318 3

39 1340 224 1386 —credo
243 1356 334 1385 rem
361 1341 581 1384 Antiatem
611 1339 919 1384 diuturniorem
946 1355 1116 1384 manere
1143 1339 1222 1384 diis
1254 1339 1371 1384 cordi

40 1405 364 1464 fuisse—legati
393 1405 445 1450 ab
476 1406 646 1463 Nepete
677 1419 725 1449 ac
757 1404 901 1448 Sutrio
933 1405 1136 1448 auxilium
1166 1404 1368 1449 adversus

39 1470 248 1515 Etruscos
288 1474 483 1528 petentes
523 1470 713 1522 veniunt,
756 1469 924 1513 brevem
973 1471 1236 1514 occasionem
1277 1485 1369 1514 esse

41 1535 202 1580 ferendi
230 1535 370 1579 auxilii
400 1539 694 1580 memorantes.
756 1534 822 1579 Eo
849 1534 934 1578 vim
965 1533 1130 1579 Camilli
1160 1534 1212 1579 ab
1237 1535 1368 1579 Antio
1381 1542 1406 1578 1⁴

40 1599 213 1645 fortuna
232 1600 400 1645 avertit.
453 1600 650 1658 Namque
670 1614 766 1644 cum
787 1614 837 1644 ea
856 1599 948 1644 loca
968 1600 1164 1658 opposita
1183 1599 1369 1644 Etruriae

41 1667 86 1710 et
119 1664 238 1710 velut
273 1664 458 1710 claustra
493 1664 591 1709 inde
621 1668 838 1723 portaeque
868 1668 1023 1717 essent,
1057 1669 1101 1709 et
1130 1663 1214 1708 illis
1246 1678 1370 1708 oecu-

42 1729 170 1787 pandi
196 1744 246 1774 ea
273 1745 404 1788 quum
432 1729 533 1788 quid
553 1730 653 1774 novi
672 1729 933 1783 molirentur,
956 1733 1000 1774 et
1021 1729 1226 1774 Romanis
1248 1744 1369 1774 recu-

40 1793 216 1853 perandi
241 1793 474 1853 tuendique
501 1809 603 1839 cura
630 1799 734 1839 erat.
795 1794 938 1853 Igitur
966 1794 1133 1838 senatui
1162 1808 1260 1839 cum
1289 1793 1404 1842 Ca-5

41 1859 156 1905 millo
191 1860 261 1918 agi
294 1859 467 1918 placuit,
503 1863 554 1904 ut
588 1859 743 1904 omisso
778 1860 911 1904 Antio
946 1858 1103 1904 bellum
1136 1858 1368 1904 Etruscum

43 1924 301 1983 susciperet:
333 1925 520 1984 legiones
547 1924 731 1978 urbanae,
763 1924 916 1983 quibus
945 1923 1135 1972 Quintus
1165 1923 1368 1969 Servilius

42 1990 284 2048 praefuerat,
314 1989 355 2034 ei
383 1988 681 2034 decernuntur.
742 1988 1012 2047 Quamquam
1044 1992 1266 2047 expertum
1297 2004 1368 2034 ex·
1381 1999 1404 2036 6

44 2053 224 2099 ercitum
244 2053 551 2112 adsuetumque
578 2053 766 2112 imperio,
789 2054 861 2112 qui
886 2054 933 2098 in
951 2053 1122 2099 Vulscis
1143 2057 1246 2109 erat,
1269 2054 1369 2099 mal-

44 2117 117 2174 let,
136 2118 242 2163 nihil
268 2118 507 2164 recusavit:
543 2118 760 2163 Valerium
784 2117 1077 2163 tantummodo
1106 2118 1274 2178 imperii
1304 2134 1369 2165 so-

46 2182 159 2228 cium
188 2181 447 2242 depoposcit.
510 2183 740 2232 Quinctius
777 2183 1068 2242 Horatiusque
1103 2199 1368 2230 successores
1384 2190 1405 2231 7

47 2245 218 2293 Valerio
250 2247 298 2294 in
330 2247 503 2295 Vulscis
537 2248 667 2295 missi.
729 2247 919 2295 Profecti
952 2247 1006 2295 ab
1039 2247 1145 2295 urbe
1178 2249 1404 2295 Sutrium8
