1649 2452
239 118 316 155 386
562 116 607 155 Τ.
630 115 779 154 LIVII
810 114 1229 154 HISTORIARUM
1350 167 1397 207 [A
1423 167 1449 199 c
1477 168 1539 201 382

195 218 218 256 8
237 223 285 253 ac
311 208 429 253 nefas
459 209 683 267 sequuturi
708 208 915 253 vindicem
944 206 1151 253 libertatis
1180 207 1436 252 viderentur.
1487 203 1558 254 Ad

231 272 314 318 hoc
345 271 457 317 domi
487 273 773 318 concionantis
809 273 854 317 111
887 271 1058 316 modum
1094 287 1306 318 sermones
1336 271 1451 330 pleni
1479 271 1558 317 cri-

233 336 395 381 minum
421 336 466 381 111
492 341 659 396 patres:
690 337 801 381 inter
829 351 933 394 quos
962 352 1091 394 quum
1120 335 1275 381 omisso
1305 334 1555 390 discrimine,

235 416 335 446 vera
355 416 409 445 311
428 416 535 445 vana
555 404 730 459 J'aceret,
753 401 974 445 thesauros
1005 400 1153 446 Gallici
1180 401 1272 445 auri
1302 397 1504 445 occultari
1531 416 1557 444 a

235 462 427 522 patribus
455 465 570 521 jecit,
600 480 677 509 nec
698 467 787 522 jam
817 462 1080 522 possidendis
1110 464 1289 523 publicis
1321 465 1432 522 agris
1463 479 1557 509 con·

235 532 379 573 tentos
410 545 502 573 esse
531 529 614 573 nisi
642 528 860 587 pecuniam
896 544 1060 587 quoque
1095 528 1304 586 publicam
1334 530 1552 573 avertant:

236 608 285 638 33
313 609 380 637 res
413 593 449 638 si
479 593 614 651 palam
646 593 732 646 fiat,
761 591 921 637 exsolvi
949 592 1112 650 plebem
1143 608 1224 638 aere
1254 591 1388 637 alieno
1418 607 1554 650 posse.

197 656 220 694 9
237 657 345 705 Quae
365 656 439 701 11111
465 656 628 714 objecta
655 672 750 714 spes
780 659 858 712 est,
880 656 991 701 enim
1017 672 1116 700 vero
1146 655 1364 714 indignum
1394 656 1555 701 facinus

234 720 378 774 videri,
406 737 536 778 quum
568 721 865 766 conferendum
896 719 949 764 ad
979 719 1262 764 redimendam
1293 718 1556 765 civitatem-a

237 785 366 829 Gallis
399 800 548 829 aurum
578 785 718 838 fuerit,
751 784 912 829 tributo
944 783 1211 829 collationem
1245 783 1413 838 factam,
1443 783 1552 829 idem

235 864 384 893 aurum
415 865 468 893 ex
496 849 692 893 hostibus
724 852 893 906 captum
923 848 968 893 in
998 864 1227 907 paucorum
1255 847 1440 906 praedam
1469 863 1554 894 ces-

170 917 218 956 10
236 912 351 957 sisse.
413 912 567 970 Itaque
597 912 937 970 exsequebantur
968 911 1204 971 quaerendo,
1231 912 1306 957 ubi
1334 915 1464 957 tantae
1493 913 1556 958 rei

234 976 395 1021 furtum
430 976 739 1021 occultaretur:
772 975 1074 1035 differenteque
1105 980 1147 1022 et
1182 980 1371 1035 tempore
1402 991 1478 1021 5110
1509 992 1554 1022 53

235 1040 520 1086 indicaturum
541 1040 706 1086 dicente
727 1041 889 1086 caeteris
917 1042 1081 1086 omissis
1104 1057 1153 1086 eo
1173 1057 1304 1086 versae
1325 1040 1444 1086 erant
1465 1056 1553 1086 om·

233 1105 352 1149 nium
379 1120 503 1158 curae,
528 1104 841 1163 apparebatque
869 1121 946 1150 nec
973 1106 1062 1150 veri
1089 1104 1230 1150 indicii
1259 1104 1439 1165 gratiam
1467 1121 1554 1150 1113-

118 1165 215 1226 (15)
234 1168 344 1212 diam
376 1184 454 1213 nec
484 1169 581 1214 falsi
611 1169 884 1214 offensionem
914 1170 1018 1215 fore.
1079 1170 1151 1214 Ita
1180 1169 1394 1228 suspensis
1425 1168 1552 1214 rebus

191 1237 216 1274 2
233 1231 414 1278 dictator
445 1233 603 1278 accitus
633 1233 684 1278 ab
715 1233 904 1278 exercitu
933 1233 977 1278 in
1006 1233 1154 1279 urbem
1182 1234 1311 1278 venit.
1373 1233 1552 1278 Postero

232 1296 299 1341 die
339 1300 491 1342 senatu
526 1297 670 1342 habito
711 1313 841 1356 quum
876 1298 979 1342 satis
1015 1297 1276 1356 periclitatus
1311 1297 1551 1343 voluntates

230 1360 448 1405 hominum
484 1359 696 1406 discedere
732 1365 924 1406 senatum
957 1361 1007 1407 ab
1044 1378 1088 1407 53
1119 1361 1336 1415 vetuisset,
1369 1359 1551 1420 stipatus

232 1440 282 1468 ea
306 1425 577 1470 multitudine
605 1425 707 1470 sella
732 1426 777 1470 in
806 1426 973 1471 comitio
1006 1427 1142 1484 posita
1171 1426 1373 1471 viatorem
1403 1425 1457 1470 ad
1484 1426 1550 1472 M.

230 1488 440 1534 Manlium
460 1490 574 1534 misit
592 1510 600 1534 :
635 1489 706 1548 qui
727 1489 943 1535 dictatoris
959 1493 1084 1548 jussu
1109 1494 1296 1544 vocatus,
1320 1506 1448 1550 quum
1470 1492 1551 1550 sig-

231 1568 332 1597 num
362 1554 450 1598 suis
484 1553 669 1599 dedisset
697 1554 842 1600 adesse
868 1559 1092 1608 certamen,
1116 1555 1281 1614 agmine
1307 1555 1471 1614 ingenti
1497 1555 1551 1600 ad

192 1627 215 1662 3
232 1616 417 1662 tribunal
437 1619 565 1663 venit.
628 1619 742 1663 Hinc
765 1622 935 1663 senatus
956 1620 1053 1664 hinc
1075 1619 1204 1677 plebs,
1229 1635 1351 1664 suum
1373 1619 1549 1678 quisque

189 1690 214 1725 4
231 1681 446 1727 intuentes
468 1681 628 1733 ducem,
650 1683 767 1727 velut
789 1683 833 1727 in
863 1683 949 1728 acie
979 1684 1268 1728 constiterant.
1327 1683 1434 1728 Tum
1464 1683 1550 1729 dic-

230 1749 344 1790 tator
365 1746 530 1791 silentio
553 1747 666 1792 facto
690 1747 932 1792 “Utinam”
955 1748 1092 1806 inquit
1115 1748 1256 1792 “mihi
1276 1747 1548 1806 patribusque

230 1809 432 1854 Romanis
467 1811 528 1854 ita
562 1810 613 1855 de
654 1811 814 1856 caeteris
851 1811 976 1856 rebus
1017 1828 1113 1857 cum
1154 1811 1273 1870 plebe
1313 1811 1547 1866 conveniat,

156 1908 160 1912 .
231 1890 354 1932 quem
382 1874 434 1919 ad
461 1874 631 1919 modum
652 1874 764 1933 quod
783 1874 836 1920 ad
856 1879 899 1921 te
926 1876 1087 1922 adtinet
1107 1892 1281 1935 eamque
1301 1892 1402 1934 rem,
1424 1892 1549 1934 quam

189 1945 212 1981 5
231 1937 282 1983 de
298 1942 341 1983 te
357 1954 449 1983 sum
467 1940 732 1997 quaesituruS,
748 1943 1053 1985 conventurum
1074 1941 1177 1986 satis
1198 1940 1373 1986 confido.
1388 1938 1400 1944 “
1421 1941 1548 1999 Spem

229 2001 381 2046 factam
417 2018 441 2046 a
475 2007 518 2048 te
555 2004 718 2048 civitati
748 2003 881 2058 vide0,
913 2004 994 2049 fide
1024 2004 1223 2050 incolumi
1252 2020 1305 2050 ex
1334 2004 1546 2050 thesauris

231 2064 413 2122 Gallicis,
431 2083 534 2124 quos
558 2068 758 2125 primores
780 2072 947 2126 patrum
969 2072 1194 2123 occultent,
1213 2069 1419 2114 creditum
1441 2069 1546 2116 solvi

188 2139 211 2176 6
229 2145 363 2189 posse.
426 2131 506 2175 Cui
527 2147 605 2190 ego
634 2132 693 2176 rei
714 2134 883 2177 tantum
911 2132 1029 2178 abest
1056 2136 1105 2179 ut
1126 2134 1423 2190 impedimento
1451 2134 1543 2189 sim,

228 2198 277 2238 ut
298 2198 444 2240 contra
468 2198 525 2250 te,
546 2193 607 2240 M.
629 2192 776 2252 Manli,
799 2196 1008 2252 adhorter,
1031 2197 1181 2243 liberes
1210 2196 1352 2244 fenore
1380 2196 1544 2257 plebem

227 2259 460 2313 Romanam
481 2265 524 2309 et
545 2260 650 2309 istos
671 2261 917 2316 incubantes
938 2262 1116 2327 publicis
1138 2263 1347 2312 thesauris
1368 2278 1418 2313 ex
1440 2278 1543 2329 prae·
