1649 2452
197 103 277 141 482
520 100 565 140 T.
596 99 745 138 LIVII
776 99 817 138 H
823 99 1197 140 ISTORIARUM

190 193 417 253 jurationis
445 194 535 253 ejus
556 193 737 238 Romam
765 194 1028 247 emanfirunt,
1045 194 1258 253 jussisque
1285 151 1516 239 aiitectgiiiL

196 272 276 314 pus
311 259 552 304 consulibus
592 257 782 302 abdicare
819 273 864 303 se
899 259 1163 317 magistrata,
1197 273 1279 317 quo
1309 257 1516 303 maturius

196 323 294 367 novi
315 323 505 368 consules
535 321 735 366 adversus
763 325 927 366 tantam
951 323 1103 367 molem
1131 322 1231 368 belli
1260 325 1517 376 crearentur,

196 387 343 445 religio
382 387 554 432 incessit
596 385 648 430 ab
685 386 744 430 eis
781 402 956 444 quorum
994 387 1263 431 imminutum
1297 387 1517 444 imperium

159 455 184 494 5
197 455 308 496 esset
330 452 498 495 comitia
518 450 674 494 haberi.
735 451 886 508 Itaque
907 451 1196 508 interregnum
1216 451 1370 495 initum
1390 471 1399 495 :
1435 450 1519 495 duo

195 515 427 574 interreges
468 517 587 559 fuere
626 514 691 558 M.
719 514 913 559 Valerius
955 530 1002 560 ac
1042 515 1106 559 M.
1137 513 1318 559 Fabius:
1362 515 1519 559 creavit

197 580 390 624 consules
432 581 482 623 T.
505 578 715 623 Manlium
750 579 1012 636 Torquatum
1052 579 1229 624 tertium
1267 579 1318 624 P.
1339 579 1520 624 Decium

159 649 182 686 6
198 643 506 688 Murem—Eo
528 658 637 686 anno
657 643 945 687 Alexandrum
969 643 1090 701 Epiri
1115 658 1260 701 regem
1285 643 1332 687 in
1352 642 1525 687 Italiam

196 708 370 753 classem
401 707 612 765 adpulisse
640 710 819 760 constat,
844 707 957 765 quod
985 707 1155 760 bellum,
1190 707 1227 752 si
1255 708 1391 766 prima
1417 708 1521 751 satis

195 787 396 831 prospera
429 772 624 826 fuissent,
656 771 771 816 haud
811 771 936 816 dubie
969 772 1022 816 ad
1057 772 1272 816 Romanos
1308 770 1522 830 pervenis·

158 840 274 887 7set.
335 835 497 882 Eadem
532 839 635 880 aetas
670 851 810 880 rerum
846 836 991 893 magni
1020 835 1251 880 Alexandri
1287 839 1364 890 est,
1398 851 1519 894 quem

196 916 338 945 sorore
364 901 492 958 hujus
521 903 662 944 ortum
689 900 734 944 111
763 900 843 944 alio
863 904 1007 945 tractu
1035 900 1147 945 orbis
1168 900 1374 946 invictum
1402 899 1523 944 bellis

158 976 182 1013 8
191 968 393 1022 juvenem
426 965 598 1008 fortuna
629 964 774 1008 morbo
806 965 1298 1009 exstinxit—Caeterum
1327 963 1523 1018 Romani,

195 1030 277 1074 etsi
309 1029 489 1074 defectio
526 1028 733 1073 sociorum
762 1029 1027 1087 nominisque
1057 1029 1205 1073 Latini
1239 1028 1355 1073 haud
1396 1027 1525 1072 dubia

196 1097 299 1147 erat,
321 1097 476 1146 tamen,
499 1097 715 1150 tamquam
745 1093 795 1137 de
826 1093 1083 1137 Samnitibus
1112 1109 1198 1138 non
1227 1093 1279 1138 de
1308 1108 1353 1138 se
1381 1108 1524 1138 curam

196 1162 383 1217 agerent,
426 1158 570 1202 decem
611 1159 819 1215 principes
861 1157 1113 1201 Latinorum
1158 1158 1341 1202 Romam
1382 1172 1524 1202 evoca-

159 1227 361 1275 9verunt-‚
385 1222 536 1281 quibus
564 1223 819 1279 imperarent
842 1237 933 1280 quae
961 1222 1130 1266 vellent.
1193 1222 1403 1266 Praetores
1433 1225 1526 1266 tum

197 1288 302 1332 duos
337 1287 512 1331 Latium
543 1286 723 1331 habebat
758 1287 810 1330 L.
835 1287 1021 1330 Annium
1062 1287 1255 1330 Setinum
1286 1290 1329 1331 et
1359 1286 1411 1331 L.
1435 1287 1478 1330 N
1482 1302 1527 1330 u-

195 1353 364 1397 misium
402 1352 694 1404 Circeiensem,
733 1351 854 1395 ambo
892 1367 942 1396 ex
985 1351 1157 1395 coloniis
1196 1351 1415 1404 Romanis,
1452 1365 1529 1408 per

197 1432 303 1474 quos
344 1420 498 1474 praeter
540 1416 726 1475 Signiam
766 1415 1140 1474 Velitrasque—et
1182 1415 1295 1473 ipsas
1345 1415 1528 1460 colonias

198 1480 623 1526 Romanas—Vidsci
643 1481 770 1524 etiam
791 1480 919 1524 exciti
940 1480 993 1524 ad
1015 1495 1130 1524 arma
1151 1483 1284 1525 erant.
1347 1479 1434 1525 Eos
1454 1494 1530 1524 no-

141 1551 190 1590 10
202 1545 393 1590 minatim
413 1545 578 1589 evocari
608 1544 778 1602 placuit.
841 1544 974 1589 Haud
1001 1545 1197 1603 cuiquam
1219 1544 1395 1590 dubium
1424 1547 1529 1597 erat,

204 1625 331 1668 super
361 1625 445 1668 qua
473 1625 518 1653 re
550 1609 812 1653 accirentur:
856 1609 1001 1666 itaque
1032 1609 1207 1654 concilio
1237 1609 1354 1667 prius
1386 1608 1531 1653 habito

204 1677 405 1733 praetores
434 1689 559 1731 quam
585 1674 766 1718 Romam
786 1673 1153 1731 proficiscerentur
1180 1676 1375 1719 evocatos
1405 1689 1452 1719 se·
1479 1673 1532 1719 ab

205 1742 357 1784 senatu
377 1738 530 1784 docent
550 1739 745 1783 Romano
767 1742 810 1783 ct
827 1754 920 1796 quae
945 1742 1086 1783 actum
1105 1739 1159 1783 iri
1179 1753 1322 1784 secum
1343 1738 1530 1792 credant,

125 1802 402 1862 (4)quidnam
421 1803 474 1848 ad
494 1819 543 1848 ea
557 1803 802 1860 responderi
824 1803 988 1861 placeat
1008 1803 1210 1848 referunt.
1254 1803 1399 1857 Quum
1420 1802 1534 1847 aliud

205 1869 276 1914 alii
297 1872 530 1921 censerent,
549 1871 644 1913 tum
670 1868 864 1913 Annius:
899 1871 925 1892 “
940 1869 1208 1927 Quamquam
1237 1867 1327 1926 ipse
1348 1883 1428 1925 ego
1450 1871 1534 1912 ret-

202 1933 295 1987 tuli,
315 1933 415 1991 quid
435 1932 682 1991 responderi
704 1932 902 1990 placeret,
925 1935 1081 1977 tamem
1099 1932 1234 1990 magis
1255 1931 1306 1976 ad
1328 1947 1535 1976 summam

203 2014 345 2043 rerum
373 2004 612 2042 nostrarum
642 1997 852 2055 pertinere
882 1997 1075 2050 arbitror,
1105 1996 1207 2055 quid
1234 1996 1442 2055 agendum
1463 2011 1535 2041 no·

204 2062 271 2108 bis
312 2077 436 2119 quam
478 2061 579 2120 quid
617 2061 873 2121 loquendum
913 2061 994 2106 sit:
1033 2061 1154 2107 facile
1194 2061 1274 2106 erit
1315 2061 1534 2119 explicatis

169 2126 392 2174 200nsiliis
434 2126 745 2172 accommodare
789 2126 917 2172 rebus
958 2125 1098 2171 verba.
1178 2125 1292 2171 Nam
1332 2125 1369 2170 si
1407 2124 1535 2170 ctiam

209 2205 323 2237 nunc
342 2189 422 2236 sub
442 2190 591 2236 umbra
610 2190 778 2238 foederis
799 2191 910 2251 aequi
933 2190 1181 2236 servitutem
1202 2189 1291 2248 pati
1310 2189 1532 2248 possimus,

211 2255 314 2317 quid
342 2255 460 2302 abest
488 2255 589 2316 quin
615 2256 794 2314 proditis
823 2255 1018 2302 Sidicinis
1045 2271 1130 2302 non
1156 2255 1445 2302 Romanorum
1469 2267 1532 2301 so·
