1649 2452
545 42 652 84 LIB.
686 44 760 82 VI.
794 47 959 84 12—14.
1343 49 1421 88 385

98 96 381 184 ssffhffizgum
415 137 467 183 iis
502 138 667 194 populis
702 142 844 196 patres
875 138 1082 196 jussuros,
1115 155 1247 198 quum
1283 146 1418 199 major

98 201 211 247 domi
230 206 378 246 exorta
404 203 534 247 moles
563 202 701 260 coegit
730 202 854 247 acciri
882 203 1061 247 Romam
1090 218 1186 248 eum
1214 204 1418 263 gliscente

95 265 140 311 in
160 265 248 311 dies
269 266 486 319 seditione,
511 281 637 323 quam
659 266 783 310 solito
810 267 944 326 magis
973 267 1241 313 metuendam
1270 273 1418 314 auctor

95 330 287 376 faciebat.
348 330 449 376 Non
469 331 580 375 enim
594 334 681 388 jam
705 331 915 376 orationes
937 330 1060 376 modo
1081 331 1144 377 Μ.
1169 332 1322 378 Manlii
1342 333 1452 378 sed2

94 395 219 448 facta
257 395 473 454 popularia
511 395 556 440 in
595 395 793 452 speciem,
833 395 1097 440 tumultuosa
1137 396 1295 452 eadem,
1332 413 1414 456 qua

93 464 235 504 mente
264 459 425 514 fierent,
455 458 658 504 intuenda
689 463 822 504 erant.
883 459 1201 513 Centurionem,
1229 461 1447 507 nobilem3

92 523 343 568 militaribus
359 523 494 577 factis,
508 522 742 582 judicatum
761 524 946 582 pecuniae
963 539 1094 582 quum
1111 525 1208 570 duci
1222 525 1409 580 vidisset,

91 587 230 633 medio
251 588 342 632 sono
362 603 456 633 cum
479 593 647 633 caterva
668 603 746 632 sua
775 589 957 633 accurrit
985 593 1028 634 et
1054 604 1223 634 manum
1251 590 1408 649 injecit,

90 653 428 711 vociferatusque
449 652 499 697 de
521 652 717 710 superbia
744 657 912 710 patrum
933 668 981 698 ac
1011 653 1263 699 crudelitate
1295 654 1410 700 fene·

89 723 277 762 ratorum
298 722 342 762 et
363 717 540 761 miseriis
571 717 715 775 plebis,
738 717 967 762 virtutibus
997 718 1088 776 ejus
1116 717 1196 762 viri
1223 718 1410 763 fortuna·

90 797 184 839 que,
215 781 362 826 “Tum
390 796 488 826 vero
520 782 627 839 ego''
660 782 797 839 inquit
829 782 1123 840 “nequiquam
1153 782 1231 827 hac
1261 783 1411 828 dextra

91 845 344 904 Capitolium
379 860 599 901 arcemque
634 846 898 898 servaverim,
931 846 966 890 si
998 846 1130 891 civem
1161 847 1410 892 commilito-

87 925 267 968 nemque
301 925 439 954 meum
474 916 686 968 tamquam
726 909 858 954 Gallis
894 910 1125 955 victoribus
1161 917 1331 969 captum
1365 912 1410 956 in

88 974 335 1019 servitutem
366 989 414 1019 ac
440 974 606 1019 vincula
633 973 730 1018 duci
757 973 963 1018 videam.”
1025 974 1131 1019 Inde
1158 991 1247 1020 rem
1277 975 1446 1021 credi-4

87 1039 171 1084 tori
191 1038 326 1097 palam
347 1038 501 1096 populo
522 1038 647 1083 solvit
667 1038 855 1096 libraque
877 1043 920 1083 et
942 1054 1023 1083 aere
1044 1038 1266 1084 liberatum
1288 1041 1408 1085 emit·

86 1103 156 1156 tit,
185 1102 285 1148 deos
313 1108 439 1162 atque
469 1102 657 1147 homines
686 1102 968 1147 obtestantem
1002 1106 1051 1147 ut
1080 1103 1141 1148 M.
1164 1104 1328 1149 Manlio
1358 1105 1407 1150 li-

90 1166 270 1212 beratori
290 1182 379 1220 suo,
403 1167 567 1225 parenti
595 1166 727 1224 plebis
758 1167 974 1219 Romanae,
995 1168 1176 1226 gratiam
1206 1168 1403 1214 referant.

85 1233 299 1288 Acceptus
340 1231 551 1289 extemplo
592 1232 636 1275 in
675 1231 979 1276 tumultuosam
1021 1232 1189 1277 turbam
1230 1237 1274 1277 et
1316 1234 1441 1291 ipse-5

83 1295 315 1341 tumultum
345 1294 527 1354 angebat
563 1295 779 1340 cicatrices
816 1301 1009 1354 acceptas
1041 1296 1213 1341 Veienti
1246 1297 1405 1343 Gallico

84 1360 259 1419 aliisque
298 1359 493 1418 deinceps
536 1359 653 1405 bellis
693 1365 938 1404 ostentans:
972 1376 1017 1405 se
1058 1360 1322 1416 militantem,
1359 1378 1405 1407 se

83 1425 375 1470 restituentem
408 1439 576 1469 eversos
605 1431 792 1482 penateS,
822 1424 1045 1483 multiplici
1070 1425 1158 1484 jam
1189 1433 1303 1471 sorte
1333 1442 1405 1472 ex·

84 1489 223 1534 soluta
252 1488 539 1548 mergentibus
567 1504 731 1547 semper
760 1493 917 1534 sortem
945 1490 1086 1534 usuris
1117 1489 1314 1535 obrutum
1345 1491 1404 1537 fe-

83 1569 184 1599 nore
216 1569 335 1598 esse:
366 1552 508 1598 videre
541 1553 678 1598 lucem
708 1553 846 1598 forum
878 1554 1030 1599 civium
1064 1569 1137 1599 ora
1168 1555 1230 1599 M.
1253 1555 1402 1600 Manlii

82 1634 236 1676 opera:
266 1618 406 1664 omnia
438 1618 675 1676 parentium
715 1617 916 1663 beneficia
947 1618 999 1664 ab
1034 1618 1106 1663 illo
1142 1635 1187 1664 se
1222 1619 1401 1665 habere:

82 1683 143 1728 illi
162 1683 365 1728 devovere
386 1682 571 1741 corporis
593 1682 774 1742 vitaeque
795 1698 843 1728 ac
872 1683 1088 1742 sanguinis
1118 1683 1230 1742 quod
1258 1699 1400 1742 super·

82 1748 165 1793 sit:
195 1747 485 1807 quodcumque
525 1745 605 1791 sibi
640 1761 735 1791 cum
770 1747 1189 1805 patria—penatibus
1225 1748 1401 1806 publicis

82 1827 132 1858 ac
151 1811 489 1871 privatis—juris
510 1811 651 1865 fuerit,
672 1810 716 1855 id
736 1825 832 1855 cum
853 1826 938 1856 uno
958 1811 1124 1856 homine
1153 1827 1256 1857 esse.
1318 1811 1400 1858 His
1415 1821 1437 1858 6

81 1876 255 1929 vocibus
273 1876 475 1921 instincta
494 1875 635 1934 plebes
658 1891 786 1934 quum
800 1879 890 1933 jam
917 1876 1043 1920 unius
1070 1876 1248 1921 hominis
1276 1884 1401 1934 esset,

81 1941 225 1987 addita
244 1930 325 1986 ffia
343 1939 628 1986 commotioris
650 1939 703 1985 ad
723 1940 863 1984 omnia
881 1939 1091 1985 turbanda
1118 1941 1279 1987 consilii
1306 1958 1373 1988 res
1391 1960 1400 1987 :

82 2008 259 2053 fundum
286 2008 333 2052 in
349 2006 535 2063 Veienti,
556 2011 684 2066 caput
712 2007 966 2065 patrimonii,
987 2006 1165 2066 subjecit
1194 2010 1398 2065 praeconi:

84 2078 112 2097 “
126 2073 197 2118 Ne
232 2088 356 2132 quem
389 2073 608 2117 vestrum''
644 2071 795 2130 inquit,
831 2075 857 2094 “
874 2071 1078 2125 Quirites,
1115 2071 1247 2118 donec
1282 2073 1401 2132 quid-

82 2153 209 2197 quam
234 2137 280 2182 in
307 2152 354 2182 re
379 2151 474 2181 mea
503 2136 724 2195 supererit,
742 2135 977 2194 judicatum
1007 2135 1273 2182 addictumve
1304 2137 1399 2184 duci

82 2201 261 2262 patiar?
323 2200 375 2245 Id
395 2215 503 2246 vero⁴
516 2200 577 2246 ita
604 2199 794 2246 accendit
825 2201 997 2255 animos,
1019 2205 1069 2246 ut
1090 2217 1165 2261 per
1185 2217 1308 2249 omne
1332 2205 1396 2251 fas
1414 2211 1436 2251 7

140 2282 210 2311 ur.
228 2282 320 2308 mn.
335 2283 365 2310 ι.
735 2277 758 2309 C
780 2279 804 2312 c
