1649 2452
603 102 825 144 LIB.1X.
857 104 920 151 42,
940 104 1005 143 43.
1381 104 1458 143 593

137 160 180 194 A.
197 158 233 191 C.
251 158 342 198 306]

136 200 266 246 aciem
306 197 454 245 consul
493 197 714 257 proferret,
750 197 898 242 elicere
934 195 988 241 ad
1026 198 1239 241 certamen
1278 198 1458 254 poterat,

135 264 322 322 satisque
353 263 580 321 apparebat
610 277 746 320 neque
775 262 1004 306 Samnitem
1034 263 1246 306 certamen
1276 276 1460 318 praesens

134 343 212 374 nec
251 328 492 373 Romanum
533 326 777 370 dilationem
823 325 922 370 belli
967 325 1164 369 laturum.
1237 324 1459 370 Adventus
1476 331 1499 368 6

134 392 301 446 Marcii,
322 392 395 450 qui
416 391 617 436 Hernicis
649 390 835 435 subactis
864 390 1093 434 maturavit
1121 388 1290 447 collegae
1318 390 1460 435 venire

134 457 301 511 auxilio,
324 471 485 501 moram
506 455 749 500 certaminis
771 455 886 499 hosti
906 454 1087 500 exemit:
1119 469 1216 498 nam
1236 458 1286 499 ut
1314 455 1387 513 qui
1406 470 1460 500 ne

134 521 257 567 alteri
297 520 465 580 quidem
508 521 713 566 exercitui
753 535 798 564 se
839 518 892 564 ad
931 522 1144 564 certamen
1183 518 1460 565 credidissent

134 602 268 645 pares,
299 585 500 644 conjungi
526 585 675 642 utique
702 584 816 643 passi
844 583 950 629 duos
979 583 1219 628 consulares
1248 584 1459 630 exercitus

133 650 238 696 nihil
259 650 478 695 crederent
500 664 720 708 superesse
740 650 842 707 spei,
866 648 1159 694 advenientem
1180 648 1460 707 incomposito

134 716 300 774 agmine
335 715 546 760 Marcium
585 713 900 772 adgrediuntur.
963 714 1139 772 Raptim
1175 713 1337 759 collatae
1368 729 1459 759 sar-
1477 721 1497 762 7

133 781 236 826 cinae
265 780 309 824 in
336 779 519 824 medium
548 786 590 824 et
621 781 748 837 prout
778 782 947 836 tempus
977 778 1218 836 patiebatur
1248 778 1461 824 instructa

133 845 255 890 acies.
318 844 486 888 Clamor
518 843 701 901 primum
731 843 776 886 in
811 844 967 887 stativa
1002 843 1189 900 perlatus
1227 843 1324 888 dein
1360 860 1459 890 con·
1477 854 1499 891 8

133 913 303 967 spectus
324 908 472 967 procul
492 908 629 966 pulvis
650 906 880 952 tumultum
903 906 1015 965 apud
1036 907 1215 952 alterum
1243 909 1458 955 consulem

132 975 177 1019 in
211 973 360 1019 castris
396 972 522 1017 fecit:
565 972 684 1030 isque
721 971 945 1016 confestim
986 986 1101 1016 arma
1141 987 1290 1031 capere
1325 974 1456 1033 jussis

131 1038 369 1096 raptimque
397 1036 560 1081 eductis
588 1037 633 1080 in
660 1036 791 1081 aciem
818 1035 1022 1080 militibus
1047 1039 1332 1082 transversam
1359 1038 1457 1083 hos-

130 1103 236 1147 tium
280 1102 410 1147 aciem
451 1105 577 1160 atque
613 1101 694 1145 alio
730 1101 958 1146 certamine
994 1107 1241 1160 occupatam
1281 1103 1456 1156 invadit,

130 1166 349 1212 clamitans
371 1182 582 1211 summum
602 1165 812 1224 flagitium
840 1165 943 1219 fore,
967 1165 1003 1210 si
1023 1165 1203 1211 alterum
1224 1168 1457 1213 exercitum

130 1232 353 1290 utriusque
387 1231 573 1276 victoriae
609 1234 847 1288 compotem
878 1230 1065 1275 sinerent
1095 1231 1186 1276 fieri
1214 1247 1292 1278 nec
1328 1232 1381 1278 ad
1410 1249 1457 1279 se

131 1297 199 1342 sui
218 1296 316 1342 belli
335 1296 596 1341 vindicarent
619 1295 759 1340 decus.
823 1295 923 1344 Qua
943 1295 1148 1354 impetum
1170 1296 1343 1342 dederat
1365 1314 1455 1356 per·
1474 1306 1497 1344 9

131 1361 302 1420 rumpit,
335 1361 549 1419 aciemque
580 1375 654 1418 per
684 1359 865 1405 mediam
895 1360 941 1405 in
971 1364 1110 1405 castra
1139 1361 1327 1407 hostium
1363 1368 1456 1408 ten-

132 1426 195 1470 dit
225 1429 269 1470 et
299 1440 431 1470 vacua
460 1424 752 1469 defensoribus
784 1424 896 1483 capit
928 1427 1058 1484 atque
1085 1426 1284 1472 incendit.
1347 1427 1455 1477 Quae
1476 1436 1523 1474 10

132 1490 205 1535 ubi
231 1489 454 1549 flagrantia
479 1489 724 1534 Marcianus
752 1489 872 1534 miles
901 1490 1120 1547 conspexit
1148 1495 1192 1535 et
1218 1491 1363 1537 hostes
1390 1508 1456 1538 re-

132 1570 318 1613 spexere,
345 1558 440 1599 tum
467 1554 624 1612 passim
652 1554 754 1612 fuga
781 1556 921 1612 coepta
952 1554 1204 1600 Samnitium
1234 1557 1348 1602 fieri:
1382 1558 1457 1603 sed

131 1620 271 1665 omnia
298 1619 462 1664 obtinet
492 1618 626 1664 caedes
657 1633 735 1664 nec
764 1618 809 1662 in
837 1618 965 1662 ullam
996 1623 1160 1677 partem
1190 1624 1334 1666 tutum
1365 1638 1456 1681 per-

131 1684 293 1742 fugium
327 1687 404 1728 est.
465 1683 561 1727 Jam
588 1683 767 1741 triginta
791 1682 976 1728 millibus
1004 1683 1191 1729 hostium
1219 1687 1339 1731 caesis
1370 1688 1456 1746 sig·
1476 1694 1519 1731 ll

131 1764 231 1793 num
254 1748 444 1807 receptui
464 1747 658 1792 consules
680 1747 882 1792 dederant
904 1747 1241 1808 colligebantque
1262 1751 1306 1795 in
1322 1767 1456 1797 unum

131 1813 272 1871 copias
293 1813 338 1858 in
364 1813 497 1857 vicem
527 1812 639 1856 inter
667 1827 712 1856 se
739 1815 970 1870 gratante&
992 1829 1123 1872 quum
1151 1819 1325 1873 repente
1355 1817 1455 1863 visae

131 1878 277 1936 procul
309 1877 497 1922 hostium
527 1891 646 1921 novae
675 1877 884 1930 cohortes,
916 1892 1009 1936 quae
1039 1878 1085 1922 in
1115 1880 1455 1938 supplementum

131 1943 299 2000 scriptae
321 1942 501 1994 fuerant,
525 1941 789 2000 integravere
821 1941 1001 1986 caedem:
1033 1943 1078 1986 in
1099 1959 1202 2001 quas
1229 1960 1306 1990 nec
1327 1948 1455 2002 jussu

131 2007 350 2052 consulum
370 2021 449 2051 nec
470 2007 591 2064 signo
619 2010 791 2065 accepto
819 2006 1000 2051 victores
1027 2007 1187 2054 vadunt
1214 2010 1323 2055 malo
1353 2013 1456 2057 tiro-

130 2072 241 2118 011110
262 2070 533 2117 imbuendum
557 2071 786 2116 Samnitem
807 2071 1090 2118 clamitantes:
1123 2073 1344 2134 indulgent
1360 2091 1455 2121 con·

131 2136 244 2182 sules
283 2136 499 2196 legionum
540 2135 690 2190 ardori,
732 2139 782 2180 ut
823 2135 896 2194 qui
934 2136 1064 2194 probe
1104 2138 1259 2184 scirent
1299 2156 1455 2187 novum

132 2201 309 2247 militem
355 2201 543 2246 hostium
583 2201 695 2246 inter
736 2200 954 2259 perculsos
994 2201 1096 2261 fuga
1141 2207 1361 2251 veteranos
1401 2222 1455 2252 ne

131 2266 378 2325 temptando
399 2265 568 2324 quidem
597 2265 701 2312 satis
731 2266 952 2312 certamini
978 2266 1081 2314 fore.
1143 2268 1238 2316 Nec
1267 2284 1340 2316 eos
1367 2272 1458 2331 opi-
1475 2277 1522 2317 12

190 2347 260 2374 xxv.
275 2347 367 2373 nm.
385 2349 411 2374 1.
766 2343 798 2379 Q
817 2346 844 2390 q
