1649 2452
252 63 328 100 528
579 62 795 102 T.L1V11
828 64 1245 104 HISTORIARUM
1270 56 1272 61 '
1367 121 1413 160 [A
1441 121 1466 152 c
1494 122 1552 154 32¹

248 153 404 207 litibus,
428 168 505 199 nec
532 154 594 198 ira
623 157 755 213 magis
788 156 953 214 publica
980 173 1104 216 quam
1134 160 1345 216 privatum
1373 175 1563 220 compen·

209 226 231 262 8
249 217 363 262 dium
391 219 436 262 in
466 219 630 263 hostem
666 220 854 265 acuebat.
916 223 999 266 His
1027 222 1214 268 cladibus
1250 223 1415 269 subacti
1448 226 1564 270 Sam-

247 282 356 327 nites
392 298 537 340 pacem
567 299 592 326 a
632 283 838 329 dictatore
879 287 1065 343 petiere:
1098 302 1193 331 cum
1235 303 1317 346 quo
1357 290 1482 345 pacti,
1514 294 1564 334 ut
1631 310 1637 315 ·

247 348 412 406 singula
432 348 685 393 vestimenta
711 349 914 395 militibus
937 355 979 395 et
1002 367 1188 396 annuum
1208 352 1466 410 stipendium
1494 354 1566 398 da-

246 418 354 465 rent,
379 429 505 471 quum
537 413 597 457 ire
625 413 678 457 ad
705 418 899 458 senatum
926 416 1035 473 jussi
1062 419 1215 469 essent,
1239 419 1492 474 sequuturos
1519 433 1565 462 se

250 476 497 521 dictatorem
540 477 848 534 responderunt
887 480 1013 524 unius
1060 480 1148 538 ejus
1195 480 1293 524 fidei
1331 481 1565 539 virtutique

250 557 417 585 causam
447 556 565 585 suam
596 543 957 588 commendantes:
990 544 1051 588 ita
1081 543 1286 589 deductus
1317 560 1370 589 ex
1402 545 1564 590 Samni-

134 605 233 657 (37)
250 606 363 650 tibus
395 607 622 651 exercitus,
684 608 881 652 Dictator
919 608 1184 666 triumphans
1213 608 1362 653 urbem
1401 612 1467 654 est
1501 610 1565 670 in-

249 686 418 728 gressus
460 674 515 723 et,
550 687 678 729 quum
719 688 763 716 se
805 672 1013 718 dictatura
1053 673 1244 718 abdicare
1273 672 1412 726 vellet,
1441 673 1564 731 jussu

248 739 415 792 patrum
445 736 560 793 prius
590 752 713 795 quam
745 736 956 782 abdicaret
988 737 1178 782 consules
1211 737 1368 782 creavit
1397 737 1445 782 C.
1470 738 1565 783 Sul-

207 806 230 842 2
245 800 399 856 picium
415 800 611 858 Longum
632 801 785 846 iterum
804 803 852 856 Q.
872 802 1090 846 AEmilium
1109 802 1397 846 Cerretanum.
1450 803 1564 848 Sam-

245 864 354 907 nites
385 865 543 909 infecta
571 881 684 923 pace,
709 868 808 924 quia
839 866 891 911 de
919 867 1230 911 conditionibus
1260 866 1474 924 agebatur,
1500 867 1565 911 in-

245 927 383 972 dutias
412 945 570 974 annuas
599 930 650 974 ab
679 931 782 975 urbe
810 931 1076 985 rettulerant,
1100 946 1178 975 nec
1205 945 1349 975 earum
1378 930 1564 988 ipsarum

245 997 390 1038 sancta
404 994 506 1038 fides
522 994 616 1048 fuit,
636 995 749 1049 adeo,
773 999 994 1054 postquam
1020 995 1233 1053 Papirium
1254 994 1395 1039 abisse
1412 996 1564 1053 magis-

243 1060 361 1102 tratu
389 1060 632 1103 nuntiatum
667 1064 743 1113 est,
768 1061 919 1105 arrecti
940 1060 992 1105 ad
1023 1060 1259 1105 bellandum
1293 1058 1420 1104 animi
1448 1064 1562 1105 sunt.

207 1127 228 1164 3
246 1122 293 1166 C.
318 1122 500 1179 Sulpicio
523 1124 577 1172 Q.
600 1124 1003 1169 AEmilio—Aulium
1026 1124 1193 1183 quidam
1215 1123 1383 1168 annales
1406 1123 1563 1169 habent

244 1187 544 1233 —consulibus
567 1189 620 1233 ad
641 1189 918 1234 defectionem
940 1189 1188 1233 Samnitium
1205 1189 1390 1246 Apulum
1406 1203 1560 1233 novum

244 1252 400 1296 bellum
420 1253 616 1298 accessit:
649 1258 831 1311 utroque
845 1256 1053 1298 exercitus
1076 1254 1210 1298 missi:
1246 1252 1430 1310 Sulpicio
1447 1253 1564 1297 Sam-

204 1321 229 1356 4
244 1317 368 1369 nites,
388 1317 518 1374 Apuli
538 1318 709 1362 AEmilio
731 1322 844 1363 sorte
871 1322 1112 1363 evenerunt.
1174 1318 1282 1361 Sunt
1304 1317 1377 1374 qui
1395 1331 1480 1361 non
1499 1317 1564 1375 ip-

245 1382 301 1426 sis
322 1382 472 1439 Apulis
493 1382 648 1427 bellum
667 1383 830 1427 illatum
852 1383 924 1428 scd
958 1384 1092 1427 socios
1114 1385 1205 1439 ejus
1226 1382 1365 1440 gentis
1386 1381 1562 1440 populos

244 1446 295 1491 ab
328 1446 578 1491 Samnitium
605 1448 648 1492 vi
676 1451 801 1504 atque
829 1448 994 1505 injuriis
1024 1447 1216 1492 defensos
1243 1445 1452 1490 scribant:
1484 1461 1563 1491 cae-

243 1514 381 1555 terum
415 1511 586 1556 fortuna
623 1513 882 1566 Samnitium,
922 1513 992 1557 vix
1027 1528 1051 1556 a
1086 1528 1131 1557 se
1161 1511 1262 1570 ipsis
1293 1525 1342 1556 οο
1372 1514 1563 1569 tempore

242 1576 578 1633 propulsantium
612 1576 778 1629 bellum,
816 1578 986 1635 propius
1023 1580 1071 1621 ut
1103 1578 1158 1621 sit
1191 1590 1289 1620 vero
1324 1575 1441 1630 facit,
1476 1591 1563 1620 non

243 1640 393 1697 Apulis
415 1640 466 1684 ab
489 1641 745 1686 Samnitibus
762 1657 876 1686 arma
895 1641 1011 1686 illata
1031 1641 1105 1686 sed
1121 1657 1216 1686 cum
1235 1643 1415 1697 utraque
1436 1639 1562 1683 simul

203 1711 225 1748 5
243 1707 369 1762 gente
408 1703 563 1749 bellum
603 1706 804 1750 Romanis
839 1706 982 1751 fuisse.
1056 1706 1149 1751 Nec
1189 1709 1330 1749 tamen
1369 1719 1437 1748 res
1477 1703 1563 1748 ulla

242 1768 520 1814 memorabilis
541 1772 658 1814 acta:
691 1785 791 1828 ager
812 1771 975 1828 Apulus
998 1771 1295 1826 Samniumque
1312 1770 1561 1823 evastatum,

201 1833 223 1870 6
241 1833 385 1878 hostes
406 1849 483 1878 nec
503 1834 572 1878 hic
587 1850 664 1879 nec
684 1835 768 1880 illic
788 1835 961 1880 inventi.
1013 1835 1160 1880 Romae
1177 1836 1408 1878 nocturnus
1424 1835 1562 1876 terror

242 1898 303 1942 ita
337 1913 389 1942 ex
429 1914 574 1942 somno
609 1899 814 1957 trepidam
856 1903 1028 1958 repente
1069 1900 1282 1945 civitatem
1322 1896 1476 1941 excivit
1510 1900 1560 1941 ut

245 1962 499 2020 Capitolium
527 1967 653 2022 atque
682 1979 756 2008 arx
784 1966 1016 2024 moeniaque
1043 1970 1086 2009 et
1113 1967 1246 2022 portae
1277 1961 1400 2020 plena
1430 1975 1560 2005 arma·

241 2030 381 2071 torum
424 2027 609 2072 fuerint:
662 2031 705 2072 et
746 2045 875 2087 quum
918 2032 1210 2074 concursatum
1252 2026 1560 2083 clamatumque

243 2091 294 2135 ad
316 2106 429 2135 arma
450 2093 642 2137 omnibus
670 2092 770 2138 locis
793 2098 917 2145 essct,
938 2094 1071 2151 prima
1096 2093 1189 2138 luce
1216 2107 1293 2136 1100
1316 2094 1462 2135 auctor
1481 2104 1559 2134 1100

202 2155 224 2196 7
243 2170 368 2200 causa
394 2157 566 2201 terroris
595 2159 840 2215 comparuit.
901 2158 1060 2203 Eodem
1089 2173 1196 2202 anno
1228 2156 1279 2201 de
1310 2153 1558 2199 Tusculanis

243 2217 386 2268 Flavia
412 2221 629 2281 rogatione
656 2222 799 2282 populi
827 2222 908 2269 fuit
935 2221 1166 2282 judicium:
1197 2222 1260 2274 M-
1286 2218 1452 2268 Flavius
1481 2217 1558 2271 tri-
