1649 2452
624 67 731 108 LIB.
762 70 817 110 X.
846 74 909 119 46,
931 74 995 114 47.
1393 75 1468 113 661

160 113 201 144 Α.
218 114 255 147 0.
273 115 363 155 293.]

148 164 247 215 post
267 159 355 204 dies
376 159 447 205 alii
462 159 643 205 suffecti.
703 161 910 204 Lustrum
926 157 1143 204 conditum
1163 173 1213 203 eo
1234 174 1342 205 anno
1358 163 1424 205 est
1444 175 1470 205 a
1483 171 1507 208 2

153 225 202 270 Ρ.
224 223 417 275 Cornelio
439 225 598 268 Arvina
621 226 664 268 C.
687 225 850 269 Marcio
873 223 1022 268 Rutilo
1043 223 1314 268 censoribus:
1345 239 1470 269 censa

62 330 72 338 ,
152 288 337 345 capitum
366 288 494 332 millia
524 289 706 333 ducenta
736 289 956 347 sexaginta
985 288 1068 332 duo
1099 292 1290 332 trecenta
1316 289 1470 347 viginti

153 367 306 397 unum:
338 367 530 397 censores
552 353 737 398 vicesimi
758 354 864 398 sexti
888 369 913 397 a
935 352 1078 409 primis
1107 352 1362 406 censoribus,
1385 354 1470 398 lus-

152 424 264 460 trum
295 416 650 461 undevicesimum
680 417 775 462 suit.
836 417 998 462 Eodem
1029 431 1138 460 anno
1169 418 1358 462 coronati
1387 420 1508 477 pri-3

152 496 267 525 mum
293 480 346 525 ob
374 496 440 526 res
466 481 573 526 bello
601 481 707 526 bene
733 486 876 540 gestas
906 481 1028 526 ludos
1059 481 1273 526 Romanos
1303 485 1471 540 specta-

151 549 263 598 runt,
292 544 522 604 palmaeque
549 551 640 590 tum
669 547 849 604 primum
880 545 1086 590 translato
1113 561 1136 590 e
1165 545 1327 590 Graecia
1356 562 1470 591 more

150 608 379 654 victoribus
415 609 536 654 datae.
596 610 758 655 Eodem
793 626 901 655 anno
938 610 990 655 ab
1019 610 1208 655 oedilibus
1239 611 1508 665 curulibus‚4

150 674 223 731 qui
243 689 314 718 eos
335 673 455 719 ludos
482 675 685 729 fecerunt,
708 675 914 720 damnatis
943 675 1101 733 aliquot
1131 676 1337 733 pecuariis
1358 677 1424 720 via
1445 693 1470 721 a

153 738 303 782 Martis
333 738 447 783 silice
477 739 530 783 ad
563 739 748 784 Bovillas
777 744 989 798 perstrata
1018 743 1096 784 est.
1159 740 1341 784 Comitia
1370 755 1504 790 con-5

150 802 304 847 sularia
322 802 373 847 L.
397 803 590 860 Papirius
621 803 797 848 habuit:
828 805 985 848 creavit
1006 803 1197 848 consules
1221 805 1269 858 Q.
1293 804 1468 849 Fabium

150 867 329 912 Maximi
360 867 407 912 F.
431 868 652 926 Gurgitem
687 872 731 913 et
762 869 814 913 D.
835 869 1011 913 Junium
1042 870 1222 912 Brutum
1256 870 1466 914 Scaevam:

150 931 238 990 ipse
259 932 452 990 Papirius
474 939 628 990 praetor
649 933 798 978 factus.
860 933 1013 977 Multis
1041 933 1166 978 rebus
1186 933 1309 978 laetus
1335 950 1468 978 annus
1483 946 1505 982 6

150 997 222 1041 vix
248 996 302 1041 ad
331 997 527 1041 solatium
559 998 682 1041 unius
714 998 1120 1056 mali—pestilentiae
1150 999 1312 1043 urentis
1343 999 1470 1044 simul

151 1060 297 1106 urbem
332 1066 459 1120 atque
499 1062 848 1120 agros—sufficit,
878 1067 1158 1121 portentoque
1192 1063 1281 1121 jam
1320 1063 1468 1108 similis

151 1125 288 1170 clades
309 1130 428 1170 erat:
459 1129 503 1170 et
531 1126 625 1170 libri
653 1125 769 1182 aditi,
791 1127 960 1184 quinam
987 1128 1081 1172 finis
1103 1132 1177 1172 aut
1198 1127 1310 1186 quod
1337 1144 1468 1173 reme-

152 1190 264 1234 dium
306 1193 398 1246 ejus
434 1190 530 1234 mali
570 1190 621 1236 ab
657 1191 735 1236 diis
777 1191 974 1237 daretur:
1016 1192 1235 1237 inventum
1267 1193 1315 1237 in
1349 1193 1466 1238 libris

154 1253 438 1312 AEsculapium
465 1255 517 1299 ab
538 1255 750 1313 Epidauro
777 1256 954 1300 Romam
979 1258 1270 1301 arcessendum
1291 1274 1300 1301 :
1330 1273 1467 1316 neque

151 1334 200 1364 eo
228 1333 349 1372 ann0‚
379 1320 477 1378 quia
502 1319 610 1364 bello
640 1321 834 1378 occupati
860 1321 1052 1366 consules
1083 1327 1216 1375 erant,
1244 1322 1468 1380 quicquam

151 1384 202 1429 de
223 1400 272 1430 ea
291 1400 336 1429 re
353 1391 491 1430 actum
514 1390 665 1444 praetcr
679 1401 803 1445 quam
817 1386 929 1444 quod
945 1402 1074 1431 unum
1097 1387 1206 1432 diem
1222 1387 1468 1445 AEsculapio

151 1449 401 1508 supplicatio
423 1451 567 1496 habita
586 1456 664 1496 est.

371 2262 531 2289 oxosu:
558 2259 805 2287 Exeuntnasr
826 2258 984 2285 neonus
1005 2258 1159 2284 rumen
1181 2259 1226 2284 ΕΤ
1247 2259 1323 2286 ⁸00.
