1649 2452
238 107 278 145 iv
687 113 1035 152 ARGUMENTA.

239 194 372 240 gulare
386 198 583 232 certamen
599 195 798 232 descendit
821 196 933 244 eique
956 196 1080 232 occiso
1104 199 1282 242 torquem
1298 205 1459 232 aureum

239 242 425 288 detraxit,
457 255 571 289 quem
600 244 683 290 ipse
711 249 802 290 post
830 256 876 280 ea
904 244 994 280 tulit
1026 248 1067 280 et
1095 255 1143 280 ex
1168 255 1214 279 eo
1239 243 1459 289 Torquatus

240 294 398 326 vocatus
421 295 493 327 est.
545 291 643 328 Duae
666 292 791 328 tribus
814 292 960 328 additae
984 292 1194 338 Pomptina
1215 295 1255 327 et
1277 291 1455 327 Publilia.

242 336 410 374 Licinius
427 338 533 375 Stolo
549 339 634 386 lege
650 339 700 375 ab
715 340 800 386 ipso
817 340 898 376 lata
919 340 1127 376 damnatus
1149 343 1222 382 est,
1249 338 1354 385 quod
1370 338 1460 384 plus

242 385 463 431 quingentis
486 387 687 434 jugeribus
710 388 794 434 agri
818 388 1044 434 possideret.
1099 387 1156 423 M.
1180 386 1361 422 Valerius
1389 385 1459 421 tri·

241 433 366 468 hunus
381 434 549 470 militum
572 435 738 475 Gallum,
755 447 780 471 a
795 447 871 482 quo
894 438 1124 482 provocatus
1146 438 1243 479 erat,
1264 433 1461 469 insidente

241 480 358 525 galeae
391 493 504 518 corvo
537 486 578 518 et
610 483 801 529 ung-uibus
833 489 1035 529 rostroque
1067 482 1215 518 hostem
1250 481 1461 517 infestante

242 528 394 573 occidit,
415 533 455 565 et
473 541 521 566 ex
539 542 584 566 eo
603 530 757 566 Corvini
773 542 913 566 nomen
935 531 1098 577 accepit,
1119 529 1328 576 consulque
1343 539 1459 574 prox-

243 577 318 611 imo
338 588 450 619 anno,
473 589 593 624 quum
615 590 735 614 annos
757 578 894 624 viginti
910 581 992 614 tres
1007 578 1182 622 haberet,
1203 577 1252 613 ob
1274 577 1461 612 virtutem

242 629 394 660 creatus
410 629 481 661 est.
533 626 717 661 Amicitia
733 637 819 661 cum
837 625 1219 672 Carthaginiensibus
1231 624 1368 670 juncta
1384 626 1457 660 est.

243 670 429 718 Campani
446 684 564 719 quum
583 686 605 708 a
623 673 858 709 Samnitibus
870 673 970 709 bello
987 679 1218 719 urgerentur
1234 671 1377 707 auxilio
1393 670 1470 707 ads

244 730 374 754 versus
390 731 456 756 eos
471 732 496 756 a
512 727 647 756 senatu
666 721 803 767 petito,
824 732 943 767 quum
965 720 1007 756 id
1022 732 1100 756 non
1115 721 1382 766 impetrarent,
1398 729 1461 754 ur-

244 766 331 802 bem
348 770 465 813 atque
487 779 601 814 agros
622 768 765 814 populo
789 767 963 804 Romano
988 767 1237 804 dediderunt:
1269 766 1319 802 ob
1344 777 1462 812 quam

243 825 398 850 causam
415 826 471 859 ea,
493 827 575 862 quae
593 816 727 862 populi
744 815 908 851 Romani
921 816 1025 852 facta
1037 819 1178 859 essent,
1196 813 1351 850 defendi
1361 813 1463 850 bello

245 861 425 897 adversus
443 863 634 899 Samnites
644 863 801 909 placuit.
843 863 970 907 Quum
987 863 1037 898 ab
1056 864 1103 899 A.
1116 862 1292 899 Cornelio
1308 860 1463 898 consule

244 910 435 945 exercitus
451 911 490 945 in
503 911 677 955 iniquum
693 911 821 946 locum
834 910 1024 946 deductus
1036 911 1076 946 in
1089 921 1232 957 magno
1245 909 1464 945 discrimine

245 964 358 1002 esset,
379 960 425 996 P.
446 959 554 995 Decii
573 960 695 995 Muris
715 960 861 996 tribuni
883 960 1050 995 militum
1067 971 1186 1005 opera
1202 962 1376 994 servatus
1392 961 1463 996 &St-

245 1019 310 1053 qui
344 1011 531 1053 occupato
565 1007 661 1043 colle
693 1019 810 1053 super
841 1007 883 1043 id
911 1007 1061 1053 jugum,
1089 1008 1130 1041 in
1163 1017 1240 1052 quo
1272 1005 1465 1042 Samnites

245 1054 508 1097 consederant,
524 1055 760 1091 occasionem
784 1055 929 1091 consuli
951 1055 991 1090 in
1009 1055 1211 1101 aequiorem
1235 1053 1361 1090 locum
1377 1064 1465 1088 eva-

246 1102 363 1138 dendi
377 1102 496 1145 dedit,
506 1103 589 1148 ipse
601 1102 651 1138 ab
667 1102 844 1138 hostibus
860 1103 1131 1138 circumsessus
1147 1102 1289 1148 erupit.
1334 1101 1463 1144 Quum

247 1150 386 1186 milites
409 1149 583 1192 Romani,
604 1151 670 1196 qui
692 1150 837 1196 Capuae
860 1151 900 1186 in
922 1150 1099 1197 praesidio
1121 1153 1233 1185 erant
1255 1149 1391 1191 relicti,
1414 1147 1464 1184 de

245 1209 292 1233 ea
307 1197 530 1243 occupanda
546 1198 640 1234 urbe
654 1199 950 1244 conspirassent,
967 1202 1008 1234 et
1020 1197 1175 1234 detecto
1188 1196 1344 1233 consilio
1355 1200 1466 1232 metu

246 1245 424 1292 supplicii
440 1257 464 1281 a
480 1246 623 1292 populo
640 1246 813 1281 Romano
830 1245 1072 1290 defecissent,
1092 1257 1164 1292 per
1186 1244 1240 1281 M.
1263 1244 1465 1280 Valerium

246 1292 451 1330 Corvinum
478 1293 719 1335 dictatorem,
737 1295 803 1340 qui
826 1294 982 1330 consilio
1007 1305 1076 1330 suo
1092 1305 1158 1329 eos
1175 1304 1199 1329 a
1214 1293 1341 1328 furore
1357 1303 1465 1328 revo-

247 1345 412 1385 caverat,
449 1343 583 1387 patriae
615 1341 787 1377 restituti
821 1346 922 1378 sunt.
976 1341 1053 1377 Res
1081 1345 1221 1388 praeter
1250 1352 1297 1376 ea
1328 1343 1466 1376 contra

248 1388 435 1424 Hernicos
463 1394 504 1424 et
529 1388 659 1425 Gallos
683 1393 724 1425 et
752 1389 932 1425 Tiburtes
961 1394 1002 1425 et
1027 1389 1272 1425 Privernates
1300 1391 1342 1424 et
1369 1387 1464 1424 Tar-

247 1437 464 1492 quinienses
486 1441 527 1472 et
550 1436 742 1474 Samnites
765 1444 806 1473 et.
828 1437 992 1474 Vulscos
1014 1448 1199 1484 prospere
1220 1440 1352 1484 gestas
1374 1446 1463 1472 con-

250 1489 355 1521 tinet.

740 1588 842 1627 LIB.
874 1589 984 1626 VIIL

295 1668 444 1706 LA‘nNI
472 1681 559 1705 cum
589 1670 798 1718 Campanis
826 1671 1000 1709 defecere
1028 1676 1069 1709 et
1098 1672 1223 1708 missis
1249 1671 1389 1719 legatis
1411 1668 1463 1707 ad

247 1721 423 1754 senatum
452 1717 710 1754 conditionem
733 1720 907 1756 tulerunt
927 1725 984 1762 ut,
1008 1721 1040 1757 si
1062 1732 1198 1768 pacem
1220 1720 1363 1756 habere
1383 1718 1464 1754 vel·

249 1766 340 1811 lent,
367 1766 531 1802 alterum
554 1778 603 1802 ex
629 1766 776 1804 Latinis
800 1769 995 1805 consulem
1019 1769 1202 1805 facerent.
1255 1767 1339 1812 Qua
1359 1767 1463 1814 lega·

247 1815 351 1849 tione
368 1814 520 1860 perlata
536 1819 679 1862 praetor
703 1828 834 1853 eorum
851 1817 1001 1853 Annius
1024 1816 1074 1852 de
1095 1815 1287 1863 Capitolio
1303 1816 1360 1851 ita
1374 1826 1464 1861 pro·

247 1861 380 1908 lapsus
403 1867 464 1898 est
487 1867 533 1899 ut
561 1865 858 1901 exanimaretur.
907 1866 953 1902 Τ.
974 1864 1142 1902 Manlius
1169 1863 1302 1900 consul
1330 1863 1464 1905 filium,

248 1909 350 1956 quod
369 1914 504 1947 contra
519 1912 689 1948 edictum
707 1913 890 1949 adversus
907 1913 1065 1950 Latinos
1087 1912 1262 1959 quamvis
1278 1921 1464 1959 prospere

247 1960 469 2004 pugnasset,
498 1961 621 1995 securi
647 1961 849 2006 percussit.
902 1961 1186 1998 Laborantibus
1211 1961 1249 1996 in
1277 1960 1360 1996 acie
1389 1957 1462 1995 Ro·

249 2007 374 2041 manis
390 2007 434 2043 P.
455 2006 595 2043 Decius
619 2013 712 2044 tunc
734 2009 866 2045 consul
883 2021 971 2045 cum
997 2009 1142 2045 Manlio
1164 2008 1318 2044 devovit.
1333 2019 1375 2044 se
1390 2018 1463 2053 pro

248 2054 430 2097 exercitu,
446 2059 488 2090 et
504 2056 694 2092 concitato
704 2068 802 2103 equo
815 2069 933 2103 quum
946 2058 985 2093 in
998 2057 1146 2093 medios
1161 2057 1293 2093 hostes
1304 2067 1346 2091 se
1361 2056 1463 2091 intu-

249 2101 366 2143 lisset,
382 2103 607 2139 interfectus
623 2111 747 2140 morte
764 2116 834 2141 sua
851 2105 1035 2142 Romanis
1052 2104 1251 2142 victoni-m
1275 2103 1459 2140 restituit.

250 2149 377 2185 Latini
409 2151 448 2186 in
481 2150 718 2188 deditionem
751 2158 950 2189 venerunt.
1002 2153 1048 2190 T.
1077 2151 1223 2190 Manlio
1253 2151 1295 2188 in
1326 2150 1462 2188 urbem

250 2208 399 2232 reverso
426 2209 540 2235 nemo
568 2211 616 2235 ex
636 2200 841 2246 juventute
870 2201 1021 2238 obviam
1047 2200 1244 2247 processit.
1293 2198 1464 2235 Minucia

252 2245 355 2293 virgo
375 2244 541 2283 Vestalis
566 2248 699 2285 incesti
723 2249 911 2286 damnata
933 2261 1001 2287 cst„
1056 2248 1273 2287 Ans-ouibus
1297 2248 1406 2285 victis
1421 2247 1461 2285 in
