1649 2452
174 103 249 140 548
488 103 533 140 T.
565 101 714 141 LIVII
746 100 1163 141 HISTORIARUM
1282 153 1328 192 [A
1356 153 1382 184 c
1410 155 1469 186 318

171 193 310 238 minus
330 194 375 239 in
394 195 608 240 civitatem
635 194 863 253 obligatam
884 194 1107 252 sponsione
1128 194 1348 238 commissa
1367 195 1486 239 iratis

134 263 159 301 9
172 258 362 303 omnibus
383 259 475 313 diis,
497 273 674 316 quorum
702 259 886 303 eluditur
905 274 1073 311 numen,
1095 257 1281 302 redeant.
1344 258 1488 303 Gerite

170 321 336 378 bellum,
359 322 525 380 quando
558 322 629 380 Sp.
652 323 899 367 Postumius
928 322 1053 366 modo
1082 321 1270 379 legatum
1299 321 1487 366 fecialem

170 401 284 444 genu
317 386 523 444 perculit:
554 386 617 430 ita
650 385 708 430 dii
744 386 916 431 credent
952 386 1181 430 Samnitem
1216 385 1348 430 civem
1386 386 1488 430 Pos-

170 450 351 495 tumium
370 466 455 494 non
470 450 603 495 civem
618 450 859 494 Romanum
880 465 971 494 esse
987 452 1030 494 et
1052 465 1076 494 a
1098 450 1283 494 Samnite
1303 449 1488 507 legatum

170 513 409 559 Romanum
428 514 643 567 violatum,
666 530 716 559 eo
737 514 854 559 vobis
870 514 1033 572 justum
1053 514 1099 558 in
1117 529 1194 558 nos
1219 514 1377 559 factum
1398 529 1490 558 esse

111 583 161 622 10
172 577 339 623 bellum.
401 579 506 623 Haec
532 578 713 623 ludibria
731 578 981 636 religionum
1010 593 1095 622 non
1115 578 1272 636 pudere
1291 578 1336 622 in
1354 578 1488 622 lucem

172 642 372 700 proferre,
405 645 449 686 et
476 642 548 687 vix
582 643 724 700 pueris
761 642 907 700 dignas
939 641 1136 698 ambages
1165 657 1285 685 senes
1316 656 1364 686 ac
1393 656 1491 686 con-

173 706 331 750 sulares
359 706 551 751 fallendae
577 706 676 751 fidei
702 706 944 764 exquirere!
979 706 1013 756 1,
1044 705 1179 758 lictor,
1209 705 1327 749 deme
1357 705 1492 750 vincla

172 770 400 814 Romanis:
432 774 620 815 moratus
642 771 697 814 sit
718 786 839 815 nemo
856 785 938 828 quo
954 770 1093 813 minus
1114 769 1187 813 ubi
1206 770 1342 813 visum
1363 770 1492 814 fuerit

112 839 159 877 11
175 834 366 879 abeant.''
417 835 476 878 Et
496 835 557 879 illi
577 835 981 892 quidem-forsitan
1001 838 1046 877 et
1062 833 1364 890 publica—sua
1379 838 1492 878 certe

173 898 349 944 liberata
377 898 460 944 fide
491 899 542 944 ab
574 899 734 944 Caudio
764 899 809 943 in
836 902 974 944 castra
1000 898 1192 943 Romana
1217 897 1406 943 inviolati
1429 913 1494 944 re-

174 962 354 1007 dierunt.

65 1025 161 1079 (12)
235 1027 491 1072 Samnitibus
521 1042 597 1085 pro
628 1027 808 1085 superba
836 1042 937 1085 pace
968 1026 1287 1071 infestissimum
1324 1041 1495 1071 cernen-

174 1091 289 1137 tibus
331 1094 526 1136 renatum
565 1091 722 1136 bellum
761 1092 1145 1150 omnia—quaequae
1186 1090 1334 1135 deinde
1374 1106 1495 1135 vene-

174 1159 421 1201 runt—non
445 1156 491 1200 in
518 1156 664 1200 animis
693 1156 828 1201 solum
857 1155 930 1200 sed
957 1171 1086 1213 prope
1110 1155 1156 1199 in
1175 1155 1306 1200 oculis
1327 1170 1431 1210 esse,
1452 1161 1495 1199 et

176 1235 270 1266 sero
291 1236 339 1266 ac
359 1220 611 1279 nequiquam
631 1220 800 1265 laudare
817 1221 927 1265 senis
948 1221 1093 1264 Pontii
1112 1226 1292 1277 utraque
1313 1219 1495 1275 consilia,

176 1285 287 1329 inter
318 1301 410 1344 quae
437 1301 483 1330 se
510 1284 647 1330 media
672 1285 811 1343 lapsos
841 1285 1027 1329 victoriae
1058 1285 1365 1356 possessionem
1395 1299 1496 1342 pace

175 1350 338 1394 incerta
357 1349 555 1402 mutasse,
575 1354 617 1393 et
633 1349 823 1394 beneficii
838 1353 881 1393 et
901 1348 1094 1393 maleficii
1115 1349 1330 1393 occasione
1347 1349 1499 1393 amissa

177 1416 438 1486 pugnaturos
468 1428 563 1457 curn
593 1414 665 1466 eis,
695 1428 798 1485 quos
830 1413 1045 1471 potueiint
1076 1413 1121 1456 in
1150 1416 1400 1470 perpetuum
1431 1413 1498 1457 vel

177 1477 365 1522 immicos
395 1476 542 1521 tollere
569 1477 636 1521 vel
668 1478 820 1522 amicos
856 1477 1020 1521 facerze
1069 1476 1255 1534 adeoque
1282 1475 1497 1520 nullodum

178 1541 405 1586 certamine
426 1541 635 1586 inclinatis
656 1541 815 1587 viribus
836 1546 931 1598 post
955 1541 1183 1585 Caudinam
1208 1556 1352 1598 pacem
1373 1541 1497 1585 animi

176 1609 455 1659 mutaverant,
478 1609 527 1650 ut
549 1606 766 1650 clariorem
786 1607 897 1650 inter
924 1606 1139 1650 Romanos
1168 1605 1325 1650 deditio
1345 1605 1500 1650 Postu-

177 1671 308 1714 mium
329 1685 453 1728 quam
481 1670 681 1714 Pontium
708 1670 928 1715 incruenta
950 1670 1124 1714 victoria
1150 1670 1261 1714 inter
1289 1669 1498 1714 Samnites

176 1735 347 1788 faceret,
371 1738 413 1779 et
433 1734 524 1792 geri
543 1749 665 1792 posse
687 1734 842 1779 bellum
871 1735 1052 1779 Romani
1082 1749 1157 1792 pro
1178 1734 1355 1778 victoria
1384 1739 1500 1778 certa

176 1798 392 1852 haberent,
418 1799 625 1843 Samnites
647 1799 770 1843 simu]
800 1799 1023 1844 rebellasse
1045 1802 1088 1843 et
1107 1799 1256 1843 vicisse
1278 1797 1498 1842 crederent

141 1863 429 1910 2R01nanum.
489 1863 610 1908 Inter
645 1864 733 1908 haec
770 1863 975 1908 Satricani
1009 1863 1061 1907 ad
1097 1862 1303 1906 Samnites
1339 1862 1501 1907 desece-

178 1931 278 1972 runt
300 1931 343 1972 et
365 1927 566 1986 Fregellae
588 1927 749 1972 colonia
769 1928 1017 1984 necopinato
1046 1926 1230 1971 adventu
1251 1926 1501 1970 Samnitium

178 1992 368 2036 —fuisse
389 1995 432 2036 et
465 1992 702 2036 Satricanos
725 2006 819 2036 cum
850 1992 900 2036 iis
930 1993 1032 2036 satis
1059 1993 1408 2036 constat—nocte
1432 2005 1502 2034 oc-

141 2064 165 2101 3
180 2060 333 2114 cupata
348 2059 426 2100 est.
472 2056 614 2100 Timor
627 2055 722 2100 inde
739 2061 912 2100 mutuus
929 2060 1131 2112 utrosque
1147 2070 1281 2112 usque
1298 2054 1350 2098 ad
1366 2054 1501 2098 lucem

180 2121 346 2178 quietos
373 2120 536 2164 tenuit:
569 2119 643 2164 lux
672 2135 825 2178 pugnae
846 2120 1013 2164 initium
1040 2119 1135 2171 suit,
1159 2134 1283 2176 quam
1304 2118 1503 2176 aliquam-

180 2184 253 2229 diu
275 2199 448 2242 aequam‚
466 2187 508 2228 et
531 2184 628 2242 quia
648 2199 724 2242 pro
745 2185 827 2228 aris
849 2199 896 2228 ac
917 2184 1020 2228 focis
1044 2182 1321 2227 dimicabatur
1340 2187 1384 2227 et
1405 2183 1504 2240 quia

183 2265 236 2297 ex
256 2249 380 2294 tectis
402 2249 627 2307 adjuvabat
651 2249 827 2295 imbellis
849 2247 1087 2301 multitudo,
1106 2253 1247 2292 tamen
1270 2247 1503 2306 Fregellani

1586 0 1598 86 l

1583 91 1594 175 ἔ
