1649 2452
203 90 282 128 530
522 89 568 127 T.
589 87 739 127 LIVII
771 84 1189 126 HISTORIARUM
1315 136 1364 168 ‘A
1393 137 1419 169 c
1445 135 1506 169 82⁰

1315 152 1332 178 ³.
1368 158 1377 168 .
1420 160 1429 169 .
1509 159 1520 169 .

202 181 512 240 premendoque
532 181 686 239 iniquis
708 180 760 225 ad
780 180 1006 226 transitum
1025 179 1129 225 locis
1146 193 1297 237 agmen
1317 178 1519 224 detinuit:

202 247 372 292 interim
405 246 532 304 pedes
563 246 749 304 equitem
780 244 1040 303 adsequatus
1072 247 1115 289 et
1144 244 1249 288 totis
1275 243 1364 300 jam
1390 243 1522 300 copiis

169 312 369 356 BSamnis
397 311 587 369 urgebat.
649 309 757 353 Tum
786 309 979 363 dictator,
1001 312 1226 367 postquam
1254 308 1343 352 sine
1370 321 1523 365 magno

203 375 467 421 incommodo
497 373 697 432 progredi
734 389 821 418 11011
854 376 1034 431 poterat,
1067 388 1161 417 eum
1193 372 1333 430 ipsum
1365 371 1411 415 in
1440 385 1523 429 quo

205 440 453 486 constiterat
483 438 621 482 locum
652 438 801 482 castris
833 437 1027 481 dimetari
1051 436 1211 493 jussit:
1242 435 1287 480 id
1315 450 1415 480 vero
1445 435 1525 483 cir-

205 503 396 549 cumfuso
416 502 604 560 undique
624 502 830 560 equitatu,
850 505 901 546 ut
921 501 1077 545 vallum
1099 503 1316 558 peteretur
1336 515 1525 557 opusque

204 568 419 626 inciperet,
453 566 544 610 fieri
578 581 664 610 non
698 569 891 623 poterat:
933 566 1076 623 itaque
1116 564 1189 608 ubi
1223 579 1359 621 neque
1399 563 1526 608 eundi

205 648 341 690 neque
374 630 570 675 manendi
605 631 766 688 copiam
802 645 893 674 esse
924 629 1053 683 videt,
1085 628 1259 672 instruit
1290 628 1424 673 aciem
1452 627 1526 671 im-

170 696 455 755 7pedimentis
491 710 543 739 ex
583 695 748 753 agmine
788 694 973 738 remotis.
1034 693 1262 737 Instruunt
1298 695 1444 736 contra
1482 694 1527 736 et

205 762 349 806 hostes
380 763 424 805 et
452 759 601 804 animis
630 762 674 803 et
701 758 860 803 viribus
888 773 1034 815 pares:
1070 760 1244 801 auxerat
1274 755 1319 802 id
1347 756 1527 800 maxime

207 826 370 871 animos
402 823 721 883 quod—ignari,
752 823 843 867 loco
873 823 1018 880 iniquo
1048 837 1134 865 non
1162 821 1275 865 hosti
1305 835 1528 865 cessum—-

206 891 322 935 velut
343 890 558 946 fugientes
573 903 621 932 ac
635 888 806 932 territos
827 886 1035 931 terribiles
1051 885 1132 943 ipsi
1147 884 1318 943 sequuti
1337 885 1526 928 fuerant:

206 955 251 1000 id
290 952 547 1012 aliquamdiu
587 951 768 1010 aequavit
808 966 994 1009 pugnam
1028 954 1118 1008 jam
1157 949 1319 1008 pridem
1354 949 1528 993 desueto

172 1030 195 1067 8
210 1019 398 1064 Samnite
420 1018 643 1062 clamorem
667 1016 852 1061 Romani
879 1015 1089 1060 exercitus
1110 1014 1211 1072 pati.
1273 1014 1332 1058 Et
1359 1013 1529 1058 hercule

206 1084 278 1129 illo
300 1083 366 1127 die
388 1082 440 1127 ab
460 1082 564 1126 hora
584 1081 667 1126 diei
687 1081 815 1125 tertia
835 1080 888 1124 ad
908 1085 1100 1125 octavam
1120 1079 1182 1123 ita
1202 1093 1353 1136 anceps
1375 1077 1529 1122 dicitur

208 1151 422 1194 certamen
462 1145 632 1190 stetisse
670 1148 720 1189 ut
760 1159 897 1202 neque
937 1144 1105 1196 clamor,
1142 1146 1192 1187 ut
1226 1143 1362 1200 primo
1401 1141 1529 1186 semel

209 1227 419 1258 concursu
439 1214 504 1256 est
526 1209 729 1264 sublatus,
750 1209 928 1253 iteratus
950 1208 1006 1253 sit
1026 1223 1162 1265 neque
1191 1208 1311 1265 signa
1338 1210 1530 1264 promota

208 1277 300 1323 loco
326 1279 494 1321 retrove
521 1278 692 1347 recepta
718 1289 855 1331 neque
882 1288 1100 1318 recursum
1129 1271 1180 1317 ab
1201 1271 1287 1315 ulla
1307 1271 1362 1316 sit
1383 1275 1527 1329 parte:

208 1341 254 1386 111
283 1356 360 1386 5110
392 1339 582 1399 quisquis
614 1337 747 1397 gradu
778 1337 921 1382 obnixi
950 1340 1151 1395 urgentes
1183 1336 1315 1380 scutis
1346 1335 1436 1380 sine
1464 1350 1530 1380 re-

211 1405 440 1464 spiratione
480 1419 528 1448 30
568 1406 764 1460 respectu
803 1401 1074 1460 pugnabant:
1126 1400 1319 1445 fremitus
1360 1399 1530 1458 aequalis

210 1474 416 1528 tenorque
449 1468 562 1513 idem
596 1483 750 1526 pugnae
780 1467 825 1511 in
855 1465 1200 1525 defatigationem
1234 1465 1426 1509 ultimam
1455 1469 1530 1509 aut

176 1538 380 1584 9110010111
411 1533 641 1591 spectabat.
703 1532 800 1576 Jam
831 1531 932 1575 viris
962 1532 1073 1575 vires
1099 1530 1186 1588 jam
1216 1529 1327 1574 ferro
1361 1544 1438 1573 sua
1465 1530 1531 1574 vis

209 1601 297 1658 jam
327 1599 500 1644 consilia
530 1596 706 1642 ducibus
735 1595 921 1648 deerant,
953 1610 1082 1653 quum
1109 1594 1250 1639 subito
1280 1593 1531 1638 Samnitium

213 1663 391 1722 equites,
415 1678 544 1721 quum
571 1665 714 1706 turma
739 1675 825 1704 una
850 1659 1018 1718 longius
1046 1662 1246 1717 provecta
1272 1658 1531 1716 accepissent

213 1728 514 1786 impedimenta
548 1726 830 1771 Romanorum
857 1724 1006 1783 procul
1034 1724 1086 1769 ab
1114 1723 1284 1768 armatis
1311 1722 1401 1767 sine
1429 1738 1531 1780 prae-

215 1793 322 1838 sidio
350 1792 440 1837 sine
470 1791 731 1836 munimento
762 1793 886 1843 stare,
916 1788 1118 1834 aviditate
1146 1787 1297 1846 praedae
1325 1787 1531 1844 impetum

155 1857 393 1904 lOfaciunt.
455 1855 585 1906 Quod
610 1855 685 1900 ubi
712 1854 908 1900 dictatori
937 1852 1128 1911 trepidus
1157 1853 1332 1897 nuntius
1363 1852 1529 1906 adtulit,

218 1923 360 1967 “Sine
391 1921 544 1966 modo’'
575 1919 714 1978 inquit
747 1923 881 1964 “sese
910 1918 1055 1977 praeda
1086 1916 1385 1976 praepediant.’'
1444 1917 1532 1962 Alii

217 1986 368 2032 deinde
396 2001 523 2043 super
551 1985 653 2030 alios
684 1983 809 2042 diripi
838 1984 994 2042 passim
1023 1983 1206 2042 ferrique
1232 1982 1425 2028 fortunas
1453 1982 1532 2027 rni-

155 2051 339 2099 lllitum
372 2049 725 2096 vociferabantur.
785 2048 895 2093 Tum
934 2048 1136 2107 magistro
1171 2047 1362 2106 equitum
1397 2047 1531 2092 accito

218 2120 245 2139 “
260 2115 391 2160 Vides
412 2116 490 2159 tu'’
512 2114 664 2173 inquit,
688 2117 716 2136 “
730 2113 793 2158 M.
817 2112 935 2166 Fabi,
959 2112 1010 2158 ab
1032 2112 1216 2158 hostium
1238 2111 1381 2170 equite
1407 2111 1532 2157 omis-

217 2195 305 2225 sam
337 2180 555 2237 pugg-imm?
596 2179 757 2223 haerent
786 2177 978 2236 impediti
1011 2176 1318 2235 impedimentis
1348 2176 1529 2221 nostris:

217 2243 616 2306 adgredere-quod
657 2243 768 2288 inter
808 2240 1076 2303 praedandum
1119 2242 1230 2289 omni
1270 2241 1529 2292 multitudini
