1649 2452
612 87 880 128 LIB.V111.
911 89 948 135 3,
968 88 1007 126 4.
1383 89 1462 129 483

137 142 237 176 Lc-
251 141 345 183 aaz]

136 185 226 230 lum
259 142 345 230 sed]
371 182 623 228 Samnitium
663 197 832 242 quoque
870 180 984 228 dieto
1022 194 1255 240 pareamus,
1292 196 1462 241 respon-

136 249 394 306 deamusque
414 247 619 292 Romanis
645 262 722 292 nos
743 247 816 292 ubi
846 246 1060 292 innuerint
1079 247 1292 304 posituros
1314 249 1460 293 arma?

135 314 205 359 sin
223 316 366 358 autem
380 311 552 357 tandem
567 311 776 357 libertatis
792 311 1043 357 desiderium
1059 310 1270 356 remordet
1287 311 1460 366 animos,

135 371 175 423 si
199 377 337 423 foedus
362 380 441 431 est,
471 377 508 422 si
536 378 729 430 societas,
762 377 943 435 aequatio
964 375 1076 434 juris
1108 379 1187 431 est,
1216 376 1251 420 si
1284 390 1461 421 consan-

134 442 312 502 guineos
347 457 425 487 nos
460 442 750 487 Romanorum
784 439 1049 499 esse—quod
1082 439 1181 484 olim
1215 439 1461 499 pudebat—-

133 521 249 553 nune
275 506 446 566 gloriari
472 505 585 561 lieet,
611 507 648 551 si
675 506 839 552 socialis
868 505 950 550 illis
981 504 1191 550 exercitus
1217 505 1254 549 is
1281 508 1348 550 est
1375 520 1459 564 quo

134 571 337 630 adjuncto
372 570 587 628 duplicent
620 570 730 616 vires
767 585 877 624 suas,
915 584 1042 628 quem
1075 584 1290 615 secernere
1325 569 1377 615 ab
1413 585 1459 615 se

134 634 329 680 eonsules
349 634 469 680 bellis
497 636 677 693 propriis
705 635 909 694 ponendis
935 634 1231 693 sumendisque
1250 634 1460 688 nolint,—

133 714 213 745 cur
245 714 331 744 non
366 700 505 744 omnia
545 703 778 758 sequantur,
821 714 896 744 cur
935 713 1022 743 non
1060 698 1168 744 alter
1207 698 1258 744 ab
1294 699 1460 744 Latinis

133 764 283 809 consul
323 763 460 818 datur,
502 764 577 810 ubi
621 780 718 823 pars
759 764 924 817 virium,
966 763 1026 808 ibi
1071 767 1115 808 et
1154 763 1319 821 imperii
1362 779 1460 822 pars

132 830 234 874 est?
275 832 341 874 est
378 829 548 888 quidem
587 829 709 874 nobis
745 829 825 873 hoc
865 843 941 886 per
981 843 1025 873 se
1066 827 1180 872 haud
1208 828 1333 874 nimis
1374 844 1461 873 am-

132 893 252 951 plum
279 894 435 952 quippe
466 893 795 938 concedentibus
822 893 1004 938 Romam
1037 896 1167 951 caput
1196 893 1323 937 Latio
1353 908 1460 946 esse,

133 958 210 1003 sed
240 961 290 1003 ut
320 958 505 1016 amplum
536 958 668 1003 videri
699 961 857 1016 posset,
888 957 1092 1002 diuturna
1126 958 1333 1015 patientia
1362 958 1459 1003 feci-

131 1038 242 1068 mus.
303 1023 450 1082 Atqui,
484 1024 522 1067 si
558 1023 726 1082 quando
760 1037 962 1082 umquam
997 1022 1262 1069 consociandi
1296 1023 1497 1083 imperii3

130 1087 385 1146 usurpandae
415 1087 623 1133 libertatis
658 1092 827 1146 tempus
863 1089 1056 1146 optastis,
1089 1104 1142 1134 en
1175 1089 1256 1134 hoc
1289 1093 1458 1148 tempus

131 1151 254 1197 adest
273 1161 317 1197 et
337 1152 497 1198 virtute
517 1156 660 1198 vestra
674 1156 719 1198 et
740 1153 864 1198 deum
886 1153 1147 1211 benignitate
1162 1154 1281 1199 vobis
1297 1154 1456 1199 datum.

131 1217 391 1276 Temptastis
423 1218 670 1276 patientiam
699 1218 892 1277 negando
923 1218 1122 1263 militem:
1167 1219 1261 1278 quis
1292 1219 1458 1265 dubitat
1474 1227 1499 1262 4

131 1282 338 1328 exarsisse
365 1297 450 1336 εοε,
481 1298 611 1341 quum
643 1284 734 1341 plus
763 1283 1042 1329 ducentorum
1069 1299 1273 1329 annorum
1299 1300 1458 1329 morem

131 1346 423 1392 solveremus?
454 1348 722 1406 pertulerunt
742 1352 886 1393 tamen
905 1349 1018 1394 hunc
1039 1348 1239 1394 dolorem.
1290 1349 1457 1395 Bellum
1473 1355 1496 1392 5

130 1415 278 1457 nostro
317 1412 487 1457 nomine
526 1427 623 1458 cum
664 1413 851 1472 Pelignis
892 1414 1128 1472 gessimus:
1161 1415 1235 1471 qui
1273 1429 1326 1459 ne
1361 1429 1457 1460 nos-

129 1480 294 1521 trorum
331 1476 500 1535 quidem
533 1477 679 1522 finium
713 1478 836 1523 nobis
872 1493 948 1536 per
981 1493 1059 1522 nos
1094 1478 1349 1524 tuendorum
1386 1480 1457 1537 jus

130 1543 257 1586 antea
283 1540 451 1596 dabant,
480 1541 586 1586 nihil
614 1543 960 1588 intercesserunt.
1024 1542 1231 1588 Sidicinos
1260 1544 1306 1588 in
1334 1543 1495 1589 fidem6

129 1610 336 1664 receptos,
376 1606 612 1663 Campanos
648 1607 700 1652 ab
736 1623 781 1652 se
817 1607 870 1652 ad
903 1622 981 1651 nos
1017 1607 1216 1663 descisse,
1247 1608 1458 1654 exercitus

129 1684 208 1715 nos
228 1685 376 1728 parare
397 1670 599 1715 adversus
628 1671 838 1717 Samnites
859 1671 1086 1717 foederatos
1114 1687 1212 1717 suos
1234 1672 1458 1718 audierunt

129 1749 208 1780 nec
235 1738 459 1780 moverunt
487 1750 533 1780 se
560 1735 613 1780 ab
641 1735 759 1781 urbe.
820 1735 960 1790 Unde,
983 1735 1097 1781 unde
1123 1736 1213 1782 haee
1236 1736 1317 1782 illis
1338 1741 1493 1785 tanta7

129 1799 338 1844 modestia
362 1799 445 1844 nisi
465 1814 490 1844 a
510 1800 766 1846 conscientia
787 1800 939 1845 virium
966 1804 1011 1846 et
1038 1804 1278 1846 nostrarum
1298 1806 1342 1847 et
1363 1817 1458 1847 sua-

129 1865 253 1909 rum?
278 1864 452 1910 idoneos
469 1869 661 1910 auctores
682 1866 828 1920 habeo,
845 1865 1118 1924 querentibus
1135 1866 1187 1912 de
1202 1866 1323 1912 nobis
1340 1867 1458 1912 Sam-

128 1928 289 1974 nitibus
317 1929 380 1974 ita
405 1944 651 1988 responsum
674 1929 726 1975 ab
747 1935 898 1975 senatu
923 1930 1117 1976 Romano
1137 1945 1242 1984 esse,
1265 1935 1315 1976 ut
1335 1931 1456 1977 facile

129 1999 362 2053 appareret,
401 2011 454 2041 ne
489 1996 604 2055 ipsos
639 1997 808 2054 quidem
837 1998 926 2056 jam
958 1997 1173 2055 postulare
1201 2002 1252 2043 ut
1282 1998 1454 2043 Latium

130 2059 210 2105 sub
245 2059 440 2105 Romano
474 2060 650 2120 imperio
686 2061 767 2107 sit:
814 2065 1018 2120 usurpate
1046 2061 1172 2107 modo
1202 2063 1455 2122 postulando

130 2136 194 2178 eo,
216 2123 330 2183 quod
348 2123 409 2170 illi
427 2125 547 2171 vobis
567 2125 689 2171 taciti
703 2125 952 2172 concedunt.
1015 2125 1060 2171 Si
1076 2141 1200 2186 quem
1220 2127 1301 2173 hoc
1315 2133 1455 2173 metus
1468 2133 1491 2170 8

131 2186 269 2234 dicere
298 2189 508 2247 prohibet,
538 2205 593 2236 en
618 2205 697 2250 ego
728 2191 819 2250 ipse
849 2190 1046 2237 audiente
1074 2206 1161 2238 non
1187 2192 1343 2252 populo
1370 2193 1455 2238 Ro-

133 2266 256 2299 mano
285 2253 410 2301 modo
441 2259 674 2317 senatuque
710 2255 784 2303 sed
818 2256 926 2304 Jove
959 2256 1052 2318 ipso
1087 2257 1161 2318 qui
1195 2257 1455 2319 Capitolium
