<?xml version="1.0" encoding="UTF-8"?>
<!DOCTYPE html PUBLIC "-//W3C//DTD XHTML 1.0 Transitional//EN"
    "http://www.w3.org/TR/xhtml1/DTD/xhtml1-transitional.dtd">
<html xmlns="http://www.w3.org/1999/xhtml" xml:lang="en" lang="en">
 <head>
  <title>
</title>
<meta http-equiv="Content-Type" content="text/html;charset=utf-8" />
  <meta name='ocr-system' content='tesseract 3.04.00' />
  <meta name='ocr-capabilities' content='ocr_page ocr_carea ocr_par ocr_line ocrx_word'/>
</head>
<body>
  <div class='ocr_page' id='page_1' title='image "./historiarum00livyuoft_0083.png"; bbox 0 0 1649 2452; ppageno 0'>
   <div class='ocr_carea' id='block_1_1' title="bbox 83 105 1402 201">
    <p class='ocr_par' dir='ltr' id='par_1_1' title="bbox 83 105 1402 201">
     <span class='ocr_line' id='line_1_1' title="bbox 527 105 1402 152; baseline 0.002 -9"><span class='ocrx_word' id='word_1_1' title='bbox 527 105 635 143; x_wconf 73' lang='grc' dir='ltr'>ΜΒ.</span> <span class='ocrx_word' id='word_1_2' title='bbox 668 105 764 144; x_wconf 82' lang='lat' dir='ltr'>vn.</span> <span class='ocrx_word' id='word_1_3' title='bbox 799 107 944 152; x_wconf 80' lang='lat'>10‚11.</span> <span class='ocrx_word' id='word_1_4' title='bbox 1324 108 1402 146; x_wconf 75' lang='lat'>435</span> 
     </span>
     <span class='ocr_line' id='line_1_2' title="bbox 83 157 295 201; baseline -0.005 -9"><span class='ocrx_word' id='word_1_5' title='bbox 83 157 295 201; x_wconf 49' lang='lat' dir='ltr'>messa]</span> 
     </span>
    </p>
   </div>
   <div class='ocr_carea' id='block_1_2' title="bbox 81 197 1511 2342">
    <p class='ocr_par' dir='ltr' id='par_1_2' title="bbox 81 197 1511 2342">
     <span class='ocr_line' id='line_1_3' title="bbox 83 197 1404 258; baseline -0.001 -12"><span class='ocrx_word' id='word_1_6' title='bbox 83 201 250 246; x_wconf 80' lang='lat' dir='ltr'>obviam</span> <span class='ocrx_word' id='word_1_7' title='bbox 278 198 402 245; x_wconf 88' lang='lat' dir='ltr'>militi</span> <span class='ocrx_word' id='word_1_8' title='bbox 436 211 513 244; x_wconf 90' lang='lat' dir='ltr'>suo</span> <span class='ocrx_word' id='word_1_9' title='bbox 547 199 768 258; x_wconf 69' lang='lat' dir='ltr'>praegressi</span> <span class='ocrx_word' id='word_1_10' title='bbox 804 198 1065 258; x_wconf 67' lang='lat' dir='ltr'>gratulantes</span> <span class='ocrx_word' id='word_1_11' title='bbox 1099 197 1404 257; x_wconf 74' lang='lat' dir='ltr'><strong>laudantesque</strong></span> 
     </span>
     <span class='ocr_line' id='line_1_4' title="bbox 83 263 1444 322; baseline -0.002 -12"><span class='ocrx_word' id='word_1_12' title='bbox 83 265 136 310; x_wconf 84' lang='lat' dir='ltr'>ad</span> <span class='ocrx_word' id='word_1_13' title='bbox 165 265 413 311; x_wconf 85' lang='lat' dir='ltr'>dictatorem</span> <span class='ocrx_word' id='word_1_14' title='bbox 443 263 691 322; x_wconf 87' lang='lat' dir='ltr'>perducunt.</span> <span class='ocrx_word' id='word_1_15' title='bbox 753 264 874 309; x_wconf 84' lang='lat' dir='ltr'><strong>Inter</strong></span> <span class='ocrx_word' id='word_1_16' title='bbox 903 263 1133 310; x_wconf 82' lang='lat' dir='ltr'>carminum</span> <span class='ocrx_word' id='word_1_17' title='bbox 1160 278 1290 321; x_wconf 89' lang='lat' dir='ltr'>prope</span> <span class='ocrx_word' id='word_1_18' title='bbox 1315 279 1403 308; x_wconf 91' lang='lat' dir='ltr'>mo·</span> <span class='ocrx_word' id='word_1_19' title='bbox 1419 268 1444 306; x_wconf 84' lang='lat'><em>9</em></span> 
     </span>
     <span class='ocr_line' id='line_1_5' title="bbox 83 327 1404 387; baseline -0.002 -12"><span class='ocrx_word' id='word_1_20' title='bbox 83 329 184 375; x_wconf 91' lang='lat' dir='ltr'>dum</span> <span class='ocrx_word' id='word_1_21' title='bbox 210 328 425 374; x_wconf 85' lang='lat' dir='ltr'>incondita</span> <span class='ocrx_word' id='word_1_22' title='bbox 452 327 642 386; x_wconf 84' lang='lat' dir='ltr'>quaedam</span> <span class='ocrx_word' id='word_1_23' title='bbox 670 327 907 373; x_wconf 89' lang='lat' dir='ltr'>militariter</span> <span class='ocrx_word' id='word_1_24' title='bbox 933 328 1169 387; x_wconf 83' lang='lat' dir='ltr'>joculantes</span> <span class='ocrx_word' id='word_1_25' title='bbox 1199 328 1404 386; x_wconf 86' lang='lat' dir='ltr'><strong>Torquati</strong></span> 
     </span>
     <span class='ocr_line' id='line_1_6' title="bbox 82 391 1405 452; baseline -0.002 -14"><span class='ocrx_word' id='word_1_26' title='bbox 82 408 315 452; x_wconf 76' lang='lat' dir='ltr'>cognomen</span> <span class='ocrx_word' id='word_1_27' title='bbox 354 392 556 445; x_wconf 88' lang='lat' dir='ltr'>auditum,</span> <span class='ocrx_word' id='word_1_28' title='bbox 589 392 845 438; x_wconf 87' lang='lat' dir='ltr'>celebratum</span> <span class='ocrx_word' id='word_1_29' title='bbox 880 391 1030 438; x_wconf 90' lang='lat' dir='ltr'>deinde</span> <span class='ocrx_word' id='word_1_30' title='bbox 1065 392 1246 450; x_wconf 83' lang='lat' dir='ltr'>posteris</span> <span class='ocrx_word' id='word_1_31' title='bbox 1276 393 1405 437; x_wconf 89' lang='lat' dir='ltr'>etiam</span> 
     </span>
     <span class='ocr_line' id='line_1_7' title="bbox 82 455 1472 516; baseline -0.004 -13"><span class='ocrx_word' id='word_1_32' title='bbox 82 458 330 516; x_wconf 58' lang='lat' dir='ltr'>familisqu</span> <span class='ocrx_word' id='word_1_33' title='bbox 356 457 504 502; x_wconf 90' lang='lat' dir='ltr'>honori</span> <span class='ocrx_word' id='word_1_34' title='bbox 531 456 626 501; x_wconf 82' lang='lat' dir='ltr'>fuit.</span> <span class='ocrx_word' id='word_1_35' title='bbox 687 457 886 502; x_wconf 81' lang='lat' dir='ltr'><strong>Dictator</strong></span> <span class='ocrx_word' id='word_1_36' title='bbox 911 471 1107 503; x_wconf 87' lang='lat' dir='ltr'>coronam</span> <span class='ocrx_word' id='word_1_37' title='bbox 1136 471 1305 501; x_wconf 87' lang='lat' dir='ltr'>auream</span> <span class='ocrx_word' id='word_1_38' title='bbox 1334 455 1404 500; x_wconf 84' lang='lat' dir='ltr'>ad-</span> <span class='ocrx_word' id='word_1_39' title='bbox 1424 461 1472 498; x_wconf 84' lang='lat'>10</span> 
     </span>
     <span class='ocr_line' id='line_1_8' title="bbox 82 520 1406 580; baseline -0.002 -12"><span class='ocrx_word' id='word_1_40' title='bbox 82 522 189 568; x_wconf 80' lang='lat' dir='ltr'><strong>didit</strong></span> <span class='ocrx_word' id='word_1_41' title='bbox 219 522 376 567; x_wconf 86' lang='lat' dir='ltr'>donum</span> <span class='ocrx_word' id='word_1_42' title='bbox 405 522 605 580; x_wconf 88' lang='lat' dir='ltr'>mirisque</span> <span class='ocrx_word' id='word_1_43' title='bbox 635 537 711 580; x_wconf 87' lang='lat' dir='ltr'>pro</span> <span class='ocrx_word' id='word_1_44' title='bbox 741 523 942 568; x_wconf 82' lang='lat' dir='ltr'>concione</span> <span class='ocrx_word' id='word_1_45' title='bbox 970 536 1063 566; x_wconf 90' lang='lat' dir='ltr'>eam</span> <span class='ocrx_word' id='word_1_46' title='bbox 1098 536 1284 579; x_wconf 81' lang='lat' dir='ltr'>pugnam</span> <span class='ocrx_word' id='word_1_47' title='bbox 1313 520 1406 566; x_wconf 88' lang='lat' dir='ltr'>lau-</span> 
     </span>
     <span class='ocr_line' id='line_1_9' title="bbox 84 585 1511 639; baseline -0.002 -6"><span class='ocrx_word' id='word_1_48' title='bbox 84 587 206 633; x_wconf 82' lang='lat' dir='ltr'><strong>dibus</strong></span> <span class='ocrx_word' id='word_1_49' title='bbox 233 587 346 632; x_wconf 89' lang='lat' dir='ltr'>tulit.</span> <span class='ocrx_word' id='word_1_50' title='bbox 406 586 466 631; x_wconf 84' lang='lat' dir='ltr'>Et</span> <span class='ocrx_word' id='word_1_51' title='bbox 492 586 662 631; x_wconf 85' lang='lat' dir='ltr'><strong>hercule</strong></span> <span class='ocrx_word' id='word_1_52' title='bbox 682 587 793 631; x_wconf 88' lang='lat' dir='ltr'>tanti</span> <span class='ocrx_word' id='word_1_53' title='bbox 812 603 861 632; x_wconf 86' lang='lat' dir='ltr'>ea</span> <span class='ocrx_word' id='word_1_54' title='bbox 881 587 935 632; x_wconf 91' lang='lat' dir='ltr'>ad</span> <span class='ocrx_word' id='word_1_55' title='bbox 953 586 1139 631; x_wconf 87' lang='lat' dir='ltr'>universi</span> <span class='ocrx_word' id='word_1_56' title='bbox 1159 585 1257 630; x_wconf 92' lang='lat' dir='ltr'>belli</span> <span class='ocrx_word' id='word_1_57' title='bbox 1281 600 1406 631; x_wconf 90' lang='lat' dir='ltr'>even·</span> <span class='ocrx_word' id='word_1_58' title='bbox 1421 587 1511 639; x_wconf 87' lang='lat'>(11)</span> 
     </span>
     <span class='ocr_line' id='line_1_10' title="bbox 82 650 1406 706; baseline -0.002 -9"><span class='ocrx_word' id='word_1_59' title='bbox 82 655 174 698; x_wconf 85' lang='lat' dir='ltr'>tum</span> <span class='ocrx_word' id='word_1_60' title='bbox 215 651 422 696; x_wconf 78' lang='lat' dir='ltr'>momenti</span> <span class='ocrx_word' id='word_1_61' title='bbox 460 650 673 696; x_wconf 78' lang='lat' dir='ltr'>dimicatio</span> <span class='ocrx_word' id='word_1_62' title='bbox 708 652 804 706; x_wconf 88' lang='lat' dir='ltr'>fuit,</span> <span class='ocrx_word' id='word_1_63' title='bbox 846 655 895 696; x_wconf 93' lang='lat' dir='ltr'>ut</span> <span class='ocrx_word' id='word_1_64' title='bbox 937 651 1153 696; x_wconf 75' lang='lat' dir='ltr'>Gallorum</span> <span class='ocrx_word' id='word_1_65' title='bbox 1195 651 1406 695; x_wconf 87' lang='lat' dir='ltr'>exercitus</span> 
     </span>
     <span class='ocr_line' id='line_1_11' title="bbox 81 715 1406 776; baseline -0.002 -14"><span class='ocrx_word' id='word_1_66' title='bbox 81 716 273 776; x_wconf 78' lang='lat' dir='ltr'>proxima</span> <span class='ocrx_word' id='word_1_67' title='bbox 290 719 414 761; x_wconf 86' lang='lat' dir='ltr'>nocte</span> <span class='ocrx_word' id='word_1_68' title='bbox 430 715 586 761; x_wconf 89' lang='lat' dir='ltr'>relictis</span> <span class='ocrx_word' id='word_1_69' title='bbox 602 715 766 774; x_wconf 85' lang='lat' dir='ltr'>trepide</span> <span class='ocrx_word' id='word_1_70' title='bbox 786 718 936 761; x_wconf 84' lang='lat' dir='ltr'>castris</span> <span class='ocrx_word' id='word_1_71' title='bbox 953 717 997 762; x_wconf 93' lang='lat' dir='ltr'>in</span> <span class='ocrx_word' id='word_1_72' title='bbox 1016 715 1235 760; x_wconf 82' lang='lat' dir='ltr'>Tiburtem</span> <span class='ocrx_word' id='word_1_73' title='bbox 1256 730 1406 774; x_wconf 86' lang='lat' dir='ltr'>agrum</span> 
     </span>
     <span class='ocr_line' id='line_1_12' title="bbox 82 779 1406 841; baseline -0.002 -15"><span class='ocrx_word' id='word_1_74' title='bbox 82 786 209 841; x_wconf 88' lang='lat' dir='ltr'>atque</span> <span class='ocrx_word' id='word_1_75' title='bbox 239 780 336 825; x_wconf 90' lang='lat' dir='ltr'>inde</span> <span class='ocrx_word' id='word_1_76' title='bbox 365 781 566 825; x_wconf 87' lang='lat' dir='ltr'>societate</span> <span class='ocrx_word' id='word_1_77' title='bbox 595 780 694 825; x_wconf 87' lang='lat' dir='ltr'>belli</span> <span class='ocrx_word' id='word_1_78' title='bbox 723 781 836 826; x_wconf 85' lang='lat' dir='ltr'>facta</span> <span class='ocrx_word' id='word_1_79' title='bbox 870 784 1187 838; x_wconf 80' lang='lat' dir='ltr'>commeatuque</span> <span class='ocrx_word' id='word_1_80' title='bbox 1224 779 1406 839; x_wconf 91' lang='lat' dir='ltr'>benigne</span> 
     </span>
     <span class='ocr_line' id='line_1_13' title="bbox 82 844 1403 904; baseline -0.002 -13"><span class='ocrx_word' id='word_1_81' title='bbox 82 846 134 891; x_wconf 90' lang='lat' dir='ltr'>ab</span> <span class='ocrx_word' id='word_1_82' title='bbox 166 845 413 891; x_wconf 83' lang='lat' dir='ltr'>Tiburtibus</span> <span class='ocrx_word' id='word_1_83' title='bbox 449 844 618 903; x_wconf 81' lang='lat' dir='ltr'>adjutus</span> <span class='ocrx_word' id='word_1_84' title='bbox 653 859 752 889; x_wconf 83' lang='lat' dir='ltr'>mox</span> <span class='ocrx_word' id='word_1_85' title='bbox 785 845 830 890; x_wconf 87' lang='lat' dir='ltr'>in</span> <span class='ocrx_word' id='word_1_86' title='bbox 865 846 1136 904; x_wconf 83' lang='lat' dir='ltr'>Campaniam</span> <span class='ocrx_word' id='word_1_87' title='bbox 1170 845 1403 889; x_wconf 87' lang='lat' dir='ltr'>transierit.</span> 
     </span>
     <span class='ocr_line' id='line_1_14' title="bbox 81 909 1445 968; baseline -0.002 -12"><span class='ocrx_word' id='word_1_88' title='bbox 81 911 147 957; x_wconf 89' lang='lat' dir='ltr'>Ea</span> <span class='ocrx_word' id='word_1_89' title='bbox 178 910 262 956; x_wconf 81' lang='lat' dir='ltr'>fuit</span> <span class='ocrx_word' id='word_1_90' title='bbox 295 924 433 963; x_wconf 84' lang='lat' dir='ltr'>causa,</span> <span class='ocrx_word' id='word_1_91' title='bbox 470 924 546 954; x_wconf 88' lang='lat' dir='ltr'>cur</span> <span class='ocrx_word' id='word_1_92' title='bbox 579 909 770 968; x_wconf 79' lang='lat' dir='ltr'>proximo</span> <span class='ocrx_word' id='word_1_93' title='bbox 805 925 914 955; x_wconf 89' lang='lat' dir='ltr'>anno</span> <span class='ocrx_word' id='word_1_94' title='bbox 948 912 992 955; x_wconf 88' lang='lat' dir='ltr'>C.</span> <span class='ocrx_word' id='word_1_95' title='bbox 1015 909 1209 955; x_wconf 88' lang='lat' dir='ltr'>Poetilius</span> <span class='ocrx_word' id='word_1_96' title='bbox 1245 909 1445 954; x_wconf 89' lang='lat' dir='ltr'>Balbus2</span> 
     </span>
     <span class='ocr_line' id='line_1_15' title="bbox 82 973 1407 1034; baseline -0.003 -12"><span class='ocrx_word' id='word_1_97' title='bbox 82 975 242 1029; x_wconf 84' lang='lat' dir='ltr'>consul,</span> <span class='ocrx_word' id='word_1_98' title='bbox 271 990 401 1034; x_wconf 90' lang='lat' dir='ltr'>quum</span> <span class='ocrx_word' id='word_1_99' title='bbox 425 973 593 1032; x_wconf 65' lang='lat' dir='ltr'>collegae</span> <span class='ocrx_word' id='word_1_100' title='bbox 621 975 711 1032; x_wconf 90' lang='lat' dir='ltr'>ejus</span> <span class='ocrx_word' id='word_1_101' title='bbox 739 975 803 1019; x_wconf 90' lang='lat' dir='ltr'>M.</span> <span class='ocrx_word' id='word_1_102' title='bbox 825 975 956 1020; x_wconf 86' lang='lat' dir='ltr'>Fabio</span> <span class='ocrx_word' id='word_1_103' title='bbox 983 975 1194 1021; x_wconf 83' lang='lat' dir='ltr'>Ambusto</span> <span class='ocrx_word' id='word_1_104' title='bbox 1225 974 1407 1019; x_wconf 87' lang='lat' dir='ltr'>Hernici</span> 
     </span>
     <span class='ocr_line' id='line_1_16' title="bbox 82 1038 1407 1099; baseline -0.002 -14"><span class='ocrx_word' id='word_1_105' title='bbox 82 1040 297 1099; x_wconf 84' lang='lat' dir='ltr'>provincia</span> <span class='ocrx_word' id='word_1_106' title='bbox 322 1039 544 1092; x_wconf 83' lang='lat' dir='ltr'>evenisset,</span> <span class='ocrx_word' id='word_1_107' title='bbox 575 1038 775 1084; x_wconf 86' lang='lat' dir='ltr'>adversus</span> <span class='ocrx_word' id='word_1_108' title='bbox 802 1039 1000 1085; x_wconf 87' lang='lat' dir='ltr'>Tiburtes</span> <span class='ocrx_word' id='word_1_109' title='bbox 1015 1043 1144 1097; x_wconf 88' lang='lat' dir='ltr'>jussu</span> <span class='ocrx_word' id='word_1_110' title='bbox 1170 1038 1315 1097; x_wconf 90' lang='lat' dir='ltr'>populi</span> <span class='ocrx_word' id='word_1_111' title='bbox 1335 1054 1407 1084; x_wconf 87' lang='lat' dir='ltr'>ex-</span> 
     </span>
     <span class='ocr_line' id='line_1_17' title="bbox 83 1102 1446 1163; baseline -0.002 -13"><span class='ocrx_word' id='word_1_112' title='bbox 83 1104 262 1150; x_wconf 89' lang='lat' dir='ltr'>ercitum</span> <span class='ocrx_word' id='word_1_113' title='bbox 287 1103 473 1149; x_wconf 89' lang='lat' dir='ltr'>duceret.</span> <span class='ocrx_word' id='word_1_114' title='bbox 531 1102 601 1147; x_wconf 90' lang='lat' dir='ltr'>Ad</span> <span class='ocrx_word' id='word_1_115' title='bbox 628 1119 807 1161; x_wconf 91' lang='lat' dir='ltr'>quorum</span> <span class='ocrx_word' id='word_1_116' title='bbox 827 1104 1028 1149; x_wconf 78' lang='lat' dir='ltr'>auxilium</span> <span class='ocrx_word' id='word_1_117' title='bbox 1056 1120 1185 1163; x_wconf 90' lang='lat' dir='ltr'>quum</span> <span class='ocrx_word' id='word_1_118' title='bbox 1217 1103 1327 1148; x_wconf 88' lang='lat' dir='ltr'>Galli</span> <span class='ocrx_word' id='word_1_119' title='bbox 1354 1119 1406 1148; x_wconf 84' lang='lat' dir='ltr'>ex</span> <span class='ocrx_word' id='word_1_120' title='bbox 1422 1110 1446 1146; x_wconf 88' lang='lat'><strong>3</strong></span> 
     </span>
     <span class='ocr_line' id='line_1_18' title="bbox 84 1167 1406 1227; baseline -0.002 -13"><span class='ocrx_word' id='word_1_121' title='bbox 84 1168 313 1227; x_wconf 77' lang='lat' dir='ltr'>Campania</span> <span class='ocrx_word' id='word_1_122' title='bbox 350 1167 571 1221; x_wconf 77' lang='lat' dir='ltr'>redissent,</span> <span class='ocrx_word' id='word_1_123' title='bbox 613 1167 734 1213; x_wconf 84' lang='lat' dir='ltr'>foedae</span> <span class='ocrx_word' id='word_1_124' title='bbox 774 1169 1066 1227; x_wconf 73' lang='lat' dir='ltr'>populationes</span> <span class='ocrx_word' id='word_1_125' title='bbox 1107 1170 1152 1213; x_wconf 90' lang='lat' dir='ltr'>in</span> <span class='ocrx_word' id='word_1_126' title='bbox 1190 1168 1406 1213; x_wconf 82' lang='lat' dir='ltr'>Labicano</span> 
     </span>
     <span class='ocr_line' id='line_1_19' title="bbox 83 1231 1407 1292; baseline -0.002 -13"><span class='ocrx_word' id='word_1_127' title='bbox 83 1233 404 1292; x_wconf 78' lang='lat' dir='ltr'>Tusculanoque</span> <span class='ocrx_word' id='word_1_128' title='bbox 438 1236 482 1278; x_wconf 93' lang='lat' dir='ltr'>et</span> <span class='ocrx_word' id='word_1_129' title='bbox 516 1232 681 1278; x_wconf 84' lang='lat' dir='ltr'>Albano</span> <span class='ocrx_word' id='word_1_130' title='bbox 716 1249 818 1292; x_wconf 85' lang='lat' dir='ltr'>agro</span> <span class='ocrx_word' id='word_1_131' title='bbox 853 1233 966 1279; x_wconf 89' lang='lat' dir='ltr'>haud</span> <span class='ocrx_word' id='word_1_132' title='bbox 1003 1233 1128 1278; x_wconf 89' lang='lat' dir='ltr'>dubie</span> <span class='ocrx_word' id='word_1_133' title='bbox 1158 1231 1407 1278; x_wconf 85' lang='lat' dir='ltr'>Tiburtibus</span> 
     </span>
     <span class='ocr_line' id='line_1_20' title="bbox 84 1297 1406 1356; baseline -0.002 -12"><span class='ocrx_word' id='word_1_134' title='bbox 84 1297 262 1344; x_wconf 89' lang='lat' dir='ltr'>ducibus</span> <span class='ocrx_word' id='word_1_135' title='bbox 286 1301 387 1343; x_wconf 87' lang='lat' dir='ltr'>sunt</span> <span class='ocrx_word' id='word_1_136' title='bbox 416 1297 564 1342; x_wconf 85' lang='lat' dir='ltr'>factae:</span> <span class='ocrx_word' id='word_1_137' title='bbox 597 1301 640 1342; x_wconf 89' lang='lat' dir='ltr'>et</span> <span class='ocrx_word' id='word_1_138' title='bbox 672 1314 801 1356; x_wconf 93' lang='lat' dir='ltr'>quum</span> <span class='ocrx_word' id='word_1_139' title='bbox 831 1298 1032 1343; x_wconf 85' lang='lat' dir='ltr'>adversus</span> <span class='ocrx_word' id='word_1_140' title='bbox 1063 1297 1282 1342; x_wconf 89' lang='lat' dir='ltr'>Tiburtem</span> <span class='ocrx_word' id='word_1_141' title='bbox 1311 1297 1406 1341; x_wconf 89' lang='lat' dir='ltr'>hos-</span> 
     </span>
     <span class='ocr_line' id='line_1_21' title="bbox 84 1361 1407 1422; baseline -0.002 -14"><span class='ocrx_word' id='word_1_142' title='bbox 84 1367 172 1408; x_wconf 89' lang='lat' dir='ltr'>tem</span> <span class='ocrx_word' id='word_1_143' title='bbox 201 1363 308 1408; x_wconf 88' lang='lat' dir='ltr'>duce</span> <span class='ocrx_word' id='word_1_144' title='bbox 337 1362 509 1408; x_wconf 87' lang='lat' dir='ltr'>consule</span> <span class='ocrx_word' id='word_1_145' title='bbox 537 1366 738 1408; x_wconf 87' lang='lat' dir='ltr'>contenta</span> <span class='ocrx_word' id='word_1_146' title='bbox 771 1378 838 1408; x_wconf 84' lang='lat' dir='ltr'>res</span> <span class='ocrx_word' id='word_1_147' title='bbox 869 1363 1036 1422; x_wconf 88' lang='lat' dir='ltr'>publica</span> <span class='ocrx_word' id='word_1_148' title='bbox 1064 1366 1190 1417; x_wconf 90' lang='lat' dir='ltr'>esset,</span> <span class='ocrx_word' id='word_1_149' title='bbox 1222 1361 1407 1406; x_wconf 88' lang='lat' dir='ltr'>Gallicus</span> 
     </span>
     <span class='ocr_line' id='line_1_22' title="bbox 84 1426 1404 1487; baseline -0.002 -15"><span class='ocrx_word' id='word_1_150' title='bbox 84 1427 295 1473; x_wconf 83' lang='lat' dir='ltr'>tumultus</span> <span class='ocrx_word' id='word_1_151' title='bbox 316 1427 565 1473; x_wconf 87' lang='lat' dir='ltr'>dictatorem</span> <span class='ocrx_word' id='word_1_152' title='bbox 585 1427 720 1472; x_wconf 89' lang='lat' dir='ltr'>creari</span> <span class='ocrx_word' id='word_1_153' title='bbox 743 1429 907 1487; x_wconf 88' lang='lat' dir='ltr'>coegit:</span> <span class='ocrx_word' id='word_1_154' title='bbox 939 1432 1106 1473; x_wconf 86' lang='lat' dir='ltr'>creatus</span> <span class='ocrx_word' id='word_1_155' title='bbox 1128 1429 1178 1481; x_wconf 84' lang='lat' dir='ltr'>Q.</span> <span class='ocrx_word' id='word_1_156' title='bbox 1201 1426 1404 1471; x_wconf 84' lang='lat' dir='ltr'>Servilius</span> 
     </span>
     <span class='ocr_line' id='line_1_23' title="bbox 84 1492 1409 1552; baseline -0.002 -14"><span class='ocrx_word' id='word_1_157' title='bbox 84 1493 221 1538; x_wconf 83' lang='lat' dir='ltr'>Ahala</span> <span class='ocrx_word' id='word_1_158' title='bbox 254 1493 302 1538; x_wconf 92' lang='lat' dir='ltr'>T.</span> <span class='ocrx_word' id='word_1_159' title='bbox 325 1492 575 1541; x_wconf 77' lang='lat' dir='ltr'>Quinctium</span> <span class='ocrx_word' id='word_1_160' title='bbox 606 1493 857 1551; x_wconf 82' lang='lat' dir='ltr'>magistrum</span> <span class='ocrx_word' id='word_1_161' title='bbox 892 1494 1083 1552; x_wconf 88' lang='lat' dir='ltr'>equitum</span> <span class='ocrx_word' id='word_1_162' title='bbox 1121 1492 1240 1545; x_wconf 82' lang='lat' dir='ltr'>dixit,</span> <span class='ocrx_word' id='word_1_163' title='bbox 1276 1500 1320 1536; x_wconf 86' lang='lat' dir='ltr'>et</span> <span class='ocrx_word' id='word_1_164' title='bbox 1354 1505 1409 1536; x_wconf 86' lang='lat' dir='ltr'>ex</span> 
     </span>
     <span class='ocr_line' id='line_1_24' title="bbox 87 1557 1404 1616; baseline -0.002 -13"><span class='ocrx_word' id='word_1_165' title='bbox 87 1558 338 1603; x_wconf 87' lang='lat' dir='ltr'>auctoritate</span> <span class='ocrx_word' id='word_1_166' title='bbox 377 1562 558 1615; x_wconf 87' lang='lat' dir='ltr'>patrum,</span> <span class='ocrx_word' id='word_1_167' title='bbox 600 1557 638 1602; x_wconf 90' lang='lat' dir='ltr'>si</span> <span class='ocrx_word' id='word_1_168' title='bbox 671 1573 870 1616; x_wconf 86' lang='lat' dir='ltr'>prospere</span> <span class='ocrx_word' id='word_1_169' title='bbox 904 1558 949 1604; x_wconf 90' lang='lat' dir='ltr'>id</span> <span class='ocrx_word' id='word_1_170' title='bbox 982 1557 1138 1604; x_wconf 86' lang='lat' dir='ltr'>bellum</span> <span class='ocrx_word' id='word_1_171' title='bbox 1179 1557 1404 1610; x_wconf 83' lang='lat' dir='ltr'>evenisset,</span> 
     </span>
     <span class='ocr_line' id='line_1_25' title="bbox 85 1621 1449 1681; baseline 0 -13"><span class='ocrx_word' id='word_1_172' title='bbox 85 1623 206 1668; x_wconf 90' lang='lat' dir='ltr'>ludos</span> <span class='ocrx_word' id='word_1_173' title='bbox 233 1637 407 1681; x_wconf 86' lang='lat' dir='ltr'>magnos</span> <span class='ocrx_word' id='word_1_174' title='bbox 435 1623 563 1667; x_wconf 81' lang='lat' dir='ltr'>vovit.</span> <span class='ocrx_word' id='word_1_175' title='bbox 625 1623 833 1678; x_wconf 87' lang='lat' dir='ltr'>Dictator,</span> <span class='ocrx_word' id='word_1_176' title='bbox 863 1623 916 1668; x_wconf 87' lang='lat' dir='ltr'>ad</span> <span class='ocrx_word' id='word_1_177' title='bbox 943 1621 1217 1669; x_wconf 86' lang='lat' dir='ltr'>continendos</span> <span class='ocrx_word' id='word_1_178' title='bbox 1238 1621 1407 1681; x_wconf 89' lang='lat' dir='ltr'>proprio</span> <span class='ocrx_word' id='word_1_179' title='bbox 1422 1631 1449 1668; x_wconf 75' lang='lat'><em>4</em></span> 
     </span>
     <span class='ocr_line' id='line_1_26' title="bbox 85 1686 1408 1747; baseline -0.002 -14"><span class='ocrx_word' id='word_1_180' title='bbox 85 1687 195 1733; x_wconf 87' lang='lat' dir='ltr'>bello</span> <span class='ocrx_word' id='word_1_181' title='bbox 222 1687 420 1732; x_wconf 82' lang='lat' dir='ltr'>Tiburtes</span> <span class='ocrx_word' id='word_1_182' title='bbox 448 1686 657 1732; x_wconf 85' lang='lat' dir='ltr'>consulari</span> <span class='ocrx_word' id='word_1_183' title='bbox 683 1688 874 1732; x_wconf 83' lang='lat' dir='ltr'>exercitu</span> <span class='ocrx_word' id='word_1_184' title='bbox 900 1689 1020 1747; x_wconf 87' lang='lat' dir='ltr'>jusso</span> <span class='ocrx_word' id='word_1_185' title='bbox 1050 1701 1232 1740; x_wconf 86' lang='lat' dir='ltr'>manere,</span> <span class='ocrx_word' id='word_1_186' title='bbox 1264 1700 1408 1730; x_wconf 86' lang='lat' dir='ltr'>omnes</span> 
     </span>
     <span class='ocr_line' id='line_1_27' title="bbox 82 1750 1409 1810; baseline -0.003 -13"><span class='ocrx_word' id='word_1_187' title='bbox 82 1752 270 1810; x_wconf 90' lang='lat' dir='ltr'>juniores</span> <span class='ocrx_word' id='word_1_188' title='bbox 299 1751 415 1796; x_wconf 92' lang='lat' dir='ltr'>nullo</span> <span class='ocrx_word' id='word_1_189' title='bbox 445 1750 708 1797; x_wconf 81' lang='lat' dir='ltr'>detractante</span> <span class='ocrx_word' id='word_1_190' title='bbox 737 1752 930 1798; x_wconf 83' lang='lat' dir='ltr'>militiam</span> <span class='ocrx_word' id='word_1_191' title='bbox 961 1754 1224 1797; x_wconf 86' lang='lat' dir='ltr'>sacramento</span> <span class='ocrx_word' id='word_1_192' title='bbox 1254 1750 1409 1808; x_wconf 82' lang='lat' dir='ltr'>adegit.</span> 
     </span>
     <span class='ocr_line' id='line_1_28' title="bbox 87 1815 1450 1875; baseline -0.003 -13"><span class='ocrx_word' id='word_1_193' title='bbox 87 1817 330 1875; x_wconf 87' lang='lat' dir='ltr'>Pugnatum</span> <span class='ocrx_word' id='word_1_194' title='bbox 356 1816 470 1861; x_wconf 86' lang='lat' dir='ltr'>haud</span> <span class='ocrx_word' id='word_1_195' title='bbox 496 1817 644 1874; x_wconf 86' lang='lat' dir='ltr'>procul</span> <span class='ocrx_word' id='word_1_196' title='bbox 662 1821 785 1874; x_wconf 86' lang='lat' dir='ltr'>porta</span> <span class='ocrx_word' id='word_1_197' title='bbox 813 1817 976 1862; x_wconf 84' lang='lat' dir='ltr'>Collina</span> <span class='ocrx_word' id='word_1_198' title='bbox 1004 1820 1070 1861; x_wconf 89' lang='lat' dir='ltr'>est</span> <span class='ocrx_word' id='word_1_199' title='bbox 1096 1816 1230 1860; x_wconf 85' lang='lat' dir='ltr'>totius</span> <span class='ocrx_word' id='word_1_200' title='bbox 1250 1815 1409 1859; x_wconf 84' lang='lat' dir='ltr'>viribus</span> <span class='ocrx_word' id='word_1_201' title='bbox 1426 1826 1450 1864; x_wconf 89' lang='lat'><strong><em>5</em></strong></span> 
     </span>
     <span class='ocr_line' id='line_1_29' title="bbox 87 1879 1409 1940; baseline -0.002 -14"><span class='ocrx_word' id='word_1_202' title='bbox 87 1881 205 1926; x_wconf 88' lang='lat' dir='ltr'>urbis</span> <span class='ocrx_word' id='word_1_203' title='bbox 224 1881 270 1928; x_wconf 91' lang='lat' dir='ltr'>in</span> <span class='ocrx_word' id='word_1_204' title='bbox 288 1884 518 1939; x_wconf 88' lang='lat' dir='ltr'>conspectu</span> <span class='ocrx_word' id='word_1_205' title='bbox 538 1886 760 1939; x_wconf 85' lang='lat' dir='ltr'>parentum</span> <span class='ocrx_word' id='word_1_206' title='bbox 780 1882 1092 1940; x_wconf 86' lang='lat' dir='ltr'>conjugumque</span> <span class='ocrx_word' id='word_1_207' title='bbox 1108 1893 1156 1925; x_wconf 88' lang='lat' dir='ltr'>ac</span> <span class='ocrx_word' id='word_1_208' title='bbox 1171 1879 1409 1933; x_wconf 82' lang='lat' dir='ltr'>liberorum,</span> 
     </span>
     <span class='ocr_line' id='line_1_30' title="bbox 90 1944 1411 2004; baseline -0.002 -13"><span class='ocrx_word' id='word_1_209' title='bbox 90 1961 182 2004; x_wconf 79' lang='lat' dir='ltr'>quoe</span> <span class='ocrx_word' id='word_1_210' title='bbox 195 1961 348 2004; x_wconf 86' lang='lat' dir='ltr'>magna</span> <span class='ocrx_word' id='word_1_211' title='bbox 368 1946 494 1990; x_wconf 88' lang='lat' dir='ltr'>etiam</span> <span class='ocrx_word' id='word_1_212' title='bbox 511 1945 757 1991; x_wconf 83' lang='lat' dir='ltr'>absentibus</span> <span class='ocrx_word' id='word_1_213' title='bbox 777 1946 1045 1991; x_wconf 88' lang='lat' dir='ltr'>hortamenta</span> <span class='ocrx_word' id='word_1_214' title='bbox 1059 1944 1187 1989; x_wconf 88' lang='lat' dir='ltr'>animi</span> <span class='ocrx_word' id='word_1_215' title='bbox 1205 1947 1298 1989; x_wconf 87' lang='lat' dir='ltr'>tum</span> <span class='ocrx_word' id='word_1_216' title='bbox 1314 1944 1411 1989; x_wconf 87' lang='lat' dir='ltr'>sub·</span> 
     </span>
     <span class='ocr_line' id='line_1_31' title="bbox 85 2009 1410 2068; baseline -0.002 -12"><span class='ocrx_word' id='word_1_217' title='bbox 85 2013 200 2068; x_wconf 87' lang='lat' dir='ltr'>jecta</span> <span class='ocrx_word' id='word_1_218' title='bbox 228 2011 360 2055; x_wconf 90' lang='lat' dir='ltr'>oculis</span> <span class='ocrx_word' id='word_1_219' title='bbox 395 2010 522 2055; x_wconf 89' lang='lat' dir='ltr'>simul</span> <span class='ocrx_word' id='word_1_220' title='bbox 556 2010 808 2056; x_wconf 81' lang='lat' dir='ltr'>verecundia</span> <span class='ocrx_word' id='word_1_221' title='bbox 837 2009 1204 2068; x_wconf 81' lang='lat' dir='ltr'>misericordiaque</span> <span class='ocrx_word' id='word_1_222' title='bbox 1233 2009 1410 2054; x_wconf 88' lang='lat' dir='ltr'>militem</span> 
     </span>
     <span class='ocr_line' id='line_1_32' title="bbox 90 2074 1451 2134; baseline -0.001 -14"><span class='ocrx_word' id='word_1_223' title='bbox 90 2074 385 2121; x_wconf 72' lang='lat' dir='ltr'>accendebant.</span> <span class='ocrx_word' id='word_1_224' title='bbox 426 2075 588 2134; x_wconf 85' lang='lat' dir='ltr'>Magna</span> <span class='ocrx_word' id='word_1_225' title='bbox 609 2076 821 2133; x_wconf 87' lang='lat' dir='ltr'>utrimque</span> <span class='ocrx_word' id='word_1_226' title='bbox 838 2075 952 2120; x_wconf 88' lang='lat' dir='ltr'>edita</span> <span class='ocrx_word' id='word_1_227' title='bbox 967 2074 1080 2120; x_wconf 84' lang='lat' dir='ltr'>caede</span> <span class='ocrx_word' id='word_1_228' title='bbox 1095 2074 1303 2120; x_wconf 83' lang='lat' dir='ltr'>avertitur</span> <span class='ocrx_word' id='word_1_229' title='bbox 1322 2077 1412 2118; x_wconf 79' lang='lat' dir='ltr'>tan·</span> <span class='ocrx_word' id='word_1_230' title='bbox 1427 2082 1451 2119; x_wconf 82' lang='lat'><strong>6</strong></span> 
     </span>
     <span class='ocr_line' id='line_1_33' title="bbox 92 2139 1414 2199; baseline -0.002 -15"><span class='ocrx_word' id='word_1_231' title='bbox 92 2139 186 2185; x_wconf 86' lang='lat' dir='ltr'>dem</span> <span class='ocrx_word' id='word_1_232' title='bbox 206 2140 315 2186; x_wconf 87' lang='lat' dir='ltr'>acies</span> <span class='ocrx_word' id='word_1_233' title='bbox 336 2139 578 2185; x_wconf 87' lang='lat' dir='ltr'>Gallorum:</span> <span class='ocrx_word' id='word_1_234' title='bbox 608 2141 712 2199; x_wconf 83' lang='lat' dir='ltr'>fuga</span> <span class='ocrx_word' id='word_1_235' title='bbox 738 2140 870 2186; x_wconf 81' lang='lat' dir='ltr'>Tibur</span> <span class='ocrx_word' id='word_1_236' title='bbox 893 2141 1005 2186; x_wconf 85' lang='lat' dir='ltr'>sicut</span> <span class='ocrx_word' id='word_1_237' title='bbox 1032 2151 1170 2185; x_wconf 80' lang='lat' dir='ltr'>arcem</span> <span class='ocrx_word' id='word_1_238' title='bbox 1197 2139 1295 2184; x_wconf 89' lang='lat' dir='ltr'>belli</span> <span class='ocrx_word' id='word_1_239' title='bbox 1315 2139 1414 2183; x_wconf 85' lang='lat' dir='ltr'>Gal-</span> 
     </span>
     <span class='ocr_line' id='line_1_34' title="bbox 92 2202 1414 2264; baseline -0.001 -16"><span class='ocrx_word' id='word_1_240' title='bbox 92 2202 163 2249; x_wconf 89' lang='lat' dir='ltr'>lici</span> <span class='ocrx_word' id='word_1_241' title='bbox 179 2208 355 2263; x_wconf 84' lang='lat' dir='ltr'>petunt:</span> <span class='ocrx_word' id='word_1_242' title='bbox 386 2204 518 2262; x_wconf 84' lang='lat' dir='ltr'>palati</span> <span class='ocrx_word' id='word_1_243' title='bbox 537 2220 562 2250; x_wconf 85' lang='lat' dir='ltr'>a</span> <span class='ocrx_word' id='word_1_244' title='bbox 581 2205 752 2251; x_wconf 84' lang='lat' dir='ltr'>consule</span> <span class='ocrx_word' id='word_1_245' title='bbox 773 2205 940 2251; x_wconf 85' lang='lat' dir='ltr'>Poetilio</span> <span class='ocrx_word' id='word_1_246' title='bbox 959 2204 1073 2250; x_wconf 84' lang='lat' dir='ltr'>haud</span> <span class='ocrx_word' id='word_1_247' title='bbox 1092 2204 1239 2264; x_wconf 87' lang='lat' dir='ltr'>procul</span> <span class='ocrx_word' id='word_1_248' title='bbox 1258 2203 1414 2249; x_wconf 87' lang='lat' dir='ltr'>Tibure</span> 
     </span>
     <span class='ocr_line' id='line_1_35' title="bbox 94 2267 1413 2342; baseline 0 -25"><span class='ocrx_word' id='word_1_249' title='bbox 94 2269 258 2341; x_wconf 61' lang='lat' dir='ltr'>excepti</span> <span class='ocrx_word' id='word_1_250' title='bbox 296 2270 476 2333; x_wconf 82' lang='lat' dir='ltr'>egressis</span> <span class='ocrx_word' id='word_1_251' title='bbox 513 2269 563 2318; x_wconf 85' lang='lat' dir='ltr'>ad</span> <span class='ocrx_word' id='word_1_252' title='bbox 601 2285 722 2342; x_wconf 81' lang='lat' dir='ltr'>opem</span> <span class='ocrx_word' id='word_1_253' title='bbox 757 2269 971 2324; x_wconf 73' lang='lat' dir='ltr'>ferendam</span> <span class='ocrx_word' id='word_1_254' title='bbox 1006 2267 1254 2322; x_wconf 78' lang='lat' dir='ltr'>Tiburtibus</span> <span class='ocrx_word' id='word_1_255' title='bbox 1289 2267 1413 2322; x_wconf 73' lang='lat' dir='ltr'>simul</span> 
     </span>
    </p>
   </div>
  </div>
 </body>
</html>
