1649 2452
505 69 612 107 LIB.
650 67 770 107 VIII.
806 68 970 107 14-16.
1309 61 1385 104 501

73 122 274 162 mosam]

129 165 363 223 Insequens
394 178 528 207 annus
559 162 610 206 L.
634 162 802 220 Papirio
834 162 987 207 Crasso
1015 161 1190 207 Caesoue
1219 158 1388 204 Duellio
1403 157 1505 210 (16)

70 228 311 274 consulibus
350 228 573 272 Ausonum
612 228 746 286 magis
786 243 894 273 novo
929 242 1053 286 quam
1093 240 1245 284 magno
1279 223 1388 269 bello

68 293 151 338 fuit
185 292 375 351 insignis.
435 292 500 337 Ea
533 307 638 350 gens
674 292 796 337 Cales
836 292 983 338 urbem
1012 291 1248 338 incolebat:
1281 288 1429 334 Sidi-2

68 357 173 403 cinis
209 357 398 402 finitimis
431 372 545 401 arma
578 360 868 413 conjunxerat,
898 372 1066 414 unoque
1096 356 1242 415 proelio
1276 354 1391 400 haud

68 437 169 467 sane
208 421 466 466 memorabili
506 421 685 465 duorum
726 421 976 479 populorum
1015 421 1227 466 exercitus
1267 420 1390 464 fusus

66 486 381 546 propinquitate
413 485 581 530 urbium
611 490 655 530 et
686 485 738 530 ad
769 487 912 545 fugam
943 486 1113 544 pronior
1142 490 1186 531 et
1215 485 1261 530 in
1287 485 1390 542 fuga

65 551 159 609 ipsa
196 551 332 596 tutior
371 551 466 595 fuit.
528 550 622 596 Nec
663 555 805 595 tamen
845 551 999 595 omissa
1038 553 1130 607 ejus
1160 549 1259 596 belli
1289 557 1429 595 cura3

65 616 271 673 patribus,
306 616 405 674 quia
439 616 597 660 totiens
628 618 719 672 jam
754 614 926 660 Sidicini
957 618 1030 660 aut
1060 615 1142 673 ipsi
1171 618 1389 659 moverant

65 679 221 725 bellum
257 685 331 724 aut
370 679 637 724 moventibus
679 679 880 723 auxilium
920 679 1107 724 tulerant
1147 683 1222 724 aut
1262 694 1390 724 causa

65 759 277 789 armorum
317 744 498 789 fuerant.
558 744 711 802 Itaque
751 744 865 788 omni
904 759 983 802 ope
1023 743 1159 788 adnisi
1198 748 1298 788 sunt
1337 746 1428 788 ut4

64 809 292 854 maximum
314 825 364 854 ea
383 812 636 867 tempestate
657 808 953 866 imperatorem
974 809 1037 853 M.
1052 808 1271 853 Valerium
1288 809 1388 853 Cor-

64 890 165 919 vum
186 874 399 920 consulem
421 877 617 932 quartum
638 873 849 918 facerent:
883 873 1044 932 collega
1063 873 1231 919 additus
1248 873 1387 918 Corvo

63 939 129 984 M.
150 939 308 984 Atilius
339 939 563 997 Regulus:
594 941 637 982 et
668 953 721 983 ne
751 937 862 983 forte
893 953 994 984 casu
1024 942 1247 992 erraretur,
1280 937 1389 996 peti-

63 1007 157 1048 tum
185 1003 236 1049 ab
265 1003 505 1048 consulibus
536 1006 585 1047 ut
607 1006 727 1047 extra
753 1007 911 1047 sortem
940 1003 1068 1048 Corvi
1095 1018 1144 1048 ea
1172 1003 1388 1061 provincia

63 1072 188 1113 esset.
249 1068 455 1113 Exercitu
481 1067 644 1112 victore
675 1082 700 1111 a
729 1067 1014 1125 superioribus
1045 1067 1287 1113 consulibus
1318 1082 1385 1113 ac-
1402 1075 1426 1112 5

64 1136 187 1191 cepto
228 1133 282 1177 ad
322 1132 458 1184 Cales,
493 1131 605 1176 unde
645 1130 802 1176 bellum
841 1135 984 1176 ortum
1023 1136 1127 1185 erat,
1170 1132 1385 1191 profectus

63 1213 195 1255 quum
223 1197 368 1242 hostes
399 1197 451 1242 ab
483 1196 710 1254 superioris
741 1196 868 1240 etiam
903 1197 1144 1241 certaminis
1183 1197 1387 1242 memoria

62 1261 235 1318 pavidos
271 1262 451 1307 clamore
486 1267 612 1320 atque
646 1261 806 1319 impetu
838 1261 973 1318 primo
1007 1261 1199 1315 fudisset,
1234 1262 1386 1306 moenia

62 1326 154 1384 ipsa
183 1341 426 1385 oppugnare
457 1330 522 1371 est
555 1325 792 1384 adgressus.
854 1326 912 1370 Et
942 1325 1124 1370 militum
1151 1326 1320 1385 quidem
1347 1326 1424 1371 is6

62 1394 154 1435 erat
185 1391 308 1435 ardor
334 1395 383 1435 ut
399 1391 486 1449 jam
511 1390 608 1435 inde
636 1406 731 1435 cum
760 1389 881 1435 scalis
910 1390 1134 1435 succedere
1161 1390 1215 1435 ad
1241 1406 1384 1436 muros

61 1455 217 1500 vellent
248 1470 530 1514 evasurosque
561 1454 891 1500 contenderent:
925 1455 1101 1510 Corvus,
1129 1455 1229 1513 quia
1254 1455 1299 1500 id
1319 1471 1384 1500 ar·

62 1518 193 1564 duum
215 1519 333 1564 factu
363 1528 466 1572 erat,
488 1519 629 1564 labore
659 1519 841 1564 militnm
870 1519 1012 1577 potius
1044 1535 1171 1578 quam
1198 1520 1383 1578 periculo

60 1599 262 1643 peragere
292 1585 505 1643 inceptum
537 1584 683 1628 voluit.
746 1584 898 1641 Itaque
929 1600 1124 1643 aggerem
1166 1589 1210 1629 et
1240 1585 1382 1630 vineas
1400 1592 1422 1630 7

60 1649 151 1706 egit
179 1653 404 1707 turresque
434 1663 555 1693 muro
582 1648 780 1702 admovit,
811 1665 987 1707 quarum
1016 1665 1141 1693 usum
1171 1649 1282 1694 forte
1309 1649 1382 1695 ob·

59 1712 148 1758 lata
175 1714 469 1772 opportunitas
510 1713 752 1771 praevertit:
794 1728 976 1771 namque
1006 1713 1070 1758 M.
1093 1713 1249 1758 Fabius
1285 1729 1382 1772 cap-

59 1778 174 1823 tivus
194 1779 414 1823 Romanus
435 1794 565 1836 quum
596 1793 672 1836 per
698 1777 997 1836 negligentiam
1019 1777 1243 1822 custodum
1270 1779 1381 1824 festo

60 1841 127 1887 die
147 1843 325 1888 vinculis
346 1844 483 1901 ruptis
511 1858 585 1899 per
606 1858 774 1886 murum
804 1843 915 1887 inter
935 1857 1063 1900 opera
1092 1843 1382 1888 Romanorum

59 1906 237 1966 religata
266 1907 319 1952 ad
352 1909 523 1966 pinnam
557 1907 668 1950 muri
702 1909 815 1951 reste
852 1922 1082 1964 suspensus
1112 1907 1303 1952 manibus
1334 1923 1380 1954 se

0 1997 1 2003 κ
59 1971 308 2026 demisisset,
330 1972 514 2030 perpulit
545 1972 839 2029 imperatorem
866 1975 916 2015 ut
943 1971 1041 2016 vino
1069 1971 1285 2031 epulisque
1312 1987 1380 2018 so-

60 2036 171 2093 pitos
191 2036 336 2081 hostes
365 2036 690 2094 adgrederetur:
723 2050 800 2080 nec
829 2039 986 2093 majore
1014 2036 1243 2082 certamine
1263 2036 1379 2095 capti

60 2115 157 2145 cum
184 2101 289 2146 urbe
315 2103 510 2146 Ausones
537 2105 637 2146 suut
659 2116 783 2158 quam
814 2101 901 2145 acie
922 2100 1006 2145 susi
1036 2105 1168 2146 erant.
1228 2101 1378 2146 Praeda
1394 2106 1417 2143 8

61 2168 185 2223 capta
209 2167 359 2225 ingens
379 2170 445 2211 est
472 2164 748 2224 praesidioque
775 2165 972 2223 imposito
993 2164 1166 2211 Calibus
1192 2166 1378 2212 reductae

62 2228 243 2276 Romam
269 2230 467 2289 legiones.
528 2229 686 2276 Consul
722 2245 774 2275 ex
804 2233 976 2276 senatus
1005 2229 1198 2277 consulto
1227 2230 1376 2277 trium-
1391 2237 1415 2273 9
