1649 2452
188 52 266 89 464
507 48 555 88 Τ.
583 46 735 87 LIVII
765 45 1184 88 HISTORIARUM
1378 98 1405 130 c

185 143 272 188 ista
292 141 556 188 consulatum
577 157 660 200 quo
675 140 777 186 urbs
797 141 887 186 haec
902 141 1116 187 consulem
1130 98 1363 187 habuitss.
1393 99 1507 186 1333ss

186 211 273 265 jam
306 207 426 252 nobis
457 206 647 264 patribus
675 205 878 263 vobisque
904 206 1040 263 plebei
1070 207 1332 264 promiscuus
1359 219 1509 250 consu-

192 273 303 316 latus
334 275 452 329 patet
487 287 564 315 nec
597 270 761 329 generis
796 276 846 314 ut
877 274 974 315 ante
1005 271 1080 316 sed
1109 271 1280 317 virtutis
1311 273 1376 315 est
1405 285 1512 328 prae-

192 337 347 380 mium:
381 335 554 393 proinde
575 350 785 379 summum
807 335 1001 393 quodque
1028 339 1228 394 spectate,
1252 335 1418 388 milites,
1441 333 1512 378 de-

152 412 174 447 9
192 415 279 444 cus.
342 400 444 444 Non
476 399 513 443 si
541 399 644 443 mihi
673 414 828 442 novum
858 399 938 444 hoc
969 400 1142 444 Corvini
1170 414 1402 458 cognomen
1432 397 1512 442 diis

193 464 436 509 auctoribus
457 463 646 507 homines
669 462 855 517 dedistis,
877 463 1187 509 Publicolarum
1214 466 1432 509 vetustum
1451 462 1514 507 fa-

191 529 316 572 miliae
336 533 493 572 nostrae
515 543 749 586 cognomen
776 529 977 572 memoria
1004 529 1212 573 excessit.
1245 543 1408 586 semper
1434 542 1514 600 ego

155 593 356 651 plebem
385 593 619 637 Romanam
649 592 809 636 militiae
837 591 1045 651 domique,
1069 594 1258 650 privatus
1287 592 1333 637 in
1361 592 1516 652 magis-

194 657 376 701 tratibus
414 656 553 714 parvis
589 657 848 715 magnisque,
887 672 1004 715 aeque
1039 657 1234 702 tribunus
1272 671 1320 701 ac
1354 655 1514 710 consul,

195 721 340 766 eodem
361 725 509 765 tenore
533 736 608 778 per
628 736 772 765 omnes
795 720 990 779 deinceps
1014 722 1256 766 consulatus
1278 720 1368 766 0010
1389 725 1517 779 atque

133 797 179 834 10
197 785 318 830 colui.
381 785 509 829 Nunc
538 784 650 841 quod
677 785 820 838 instat,
850 785 928 829 (1115
956 785 1062 830 bene
1083 785 1334 843 juvantibus
1361 799 1519 830 novum

200 854 326 908 atque
353 850 566 907 integrum
597 849 648 894 de
681 849 937 894 Samnitibus
968 850 1229 909 triumphum
1255 865 1420 894 mecum
1447 864 1519 907 pe-

88 916 186 971 (33)
201 915 322 959 tite.''
404 914 507 958 Non
547 913 647 958 alias
687 914 811 959 militi
849 914 1092 959 familiarior
1132 914 1220 959 dux
1257 914 1341 959 fuit
1381 913 1520 959 omnia

199 979 310 1024 inter
339 979 505 1024 infimos
545 979 726 1023 militum
757 978 870 1024 haud
911 983 1084 1037 gravate
1123 979 1267 1024 munia
1295 978 1519 1024 obeundo:

197 1044 242 1088 in
271 1043 370 1087 ludo
402 1046 555 1102 praeter
576 1059 625 1088 ea
651 1043 833 1096 militari,
865 1059 995 1101 quum
1022 1043 1257 1089 velocitatis
1284 1043 1521 1102 viriumque

196 1108 309 1153 inter
339 1123 384 1152 se
412 1107 592 1166 aequales
624 1108 854 1153 certamina
880 1108 1041 1162 ineunt,
1065 1109 1240 1154 comiter
1267 1108 1413 1164 facilis,
1433 1108 1508 1153 vin

199 1188 292 1218 cere
325 1187 372 1217 ac
403 1172 516 1217 vinci
545 1172 668 1216 vultu
708 1172 866 1226 eodem,
899 1188 977 1218 nec
1018 1188 1270 1231 quemquam
1310 1171 1524 1231 aspernari

199 1252 342 1295 parem
373 1237 446 1295 qui
486 1252 530 1281 se
561 1237 758 1282 offerret:
801 1237 926 1282 factis
957 1237 1165 1295 benignus
1200 1252 1276 1295 pro
1306 1253 1365 1291 10,
1399 1237 1522 1282 (110115

201 1301 315 1346 haud
339 1301 478 1345 minus
509 1301 716 1346 libertatis
745 1302 889 1347 alienae
918 1318 1041 1360 quam
1072 1318 1158 1347 suae
1188 1301 1407 1361 dignitatis
1437 1317 1524 1346 me·

202 1382 316 1410 mor:
351 1370 538 1423 et—quo
559 1366 664 1410 nihil
692 1366 934 1424 popularius
963 1366 1240 1423 est—quibus
1266 1366 1427 1411 artibus
1456 1381 1525 1424 pe·

164 1442 186 1479 2
203 1431 329 1475 tierat
365 1431 652 1488 magistratus,
689 1431 823 1475 isdem
862 1430 1048 1489 gerebat.
1111 1432 1263 1489 Itaque
1302 1431 1525 1476 universus

204 1495 414 1540 exercitus
435 1495 668 1540 incredibili
689 1496 904 1540 alacritate
931 1495 1265 1540 adhortationem
1293 1511 1526 1554 prosequu-

204 1563 275 1605 tus
297 1559 415 1604 ducis
437 1560 586 1605 castris
608 1560 847 1618 egreditur:
880 1560 1180 1618 proelium—ut
1211 1560 1323 1619 quod
1345 1561 1526 1606 maxime

203 1640 404 1683 umquam
426 1625 517 1683 pari
537 1640 611 1682 spe
631 1625 845 1683 utrimque
874 1626 1003 1683 aequis
1032 1625 1347 1670 viribus—cum
1374 1625 1528 1670 fiducia

205 1690 273 1734 sui
304 1689 394 1734 sine
425 1692 672 1747 contemptu
706 1689 893 1734 hostium
928 1690 1196 1734 commissum
1231 1694 1321 1735 est:
1365 1690 1527 1735 Samni-

205 1754 321 1799 tibus
343 1754 541 1798 ferociam
569 1754 780 1812 augebant
801 1769 919 1799 novae
947 1770 1014 1799 res
1035 1758 1167 1813 gestae
1188 1757 1230 1799 et
1252 1769 1407 1812 paucos
1429 1759 1527 1800 ante

209 1819 296 1864 dies
338 1819 552 1877 geminata
586 1819 775 1872 victoria,
818 1819 1022 1864 Romanis
1062 1823 1210 1864 contra
1248 1819 1528 1878 quadringen-

207 1887 349 1928 torum
372 1898 576 1928 annorum
593 1883 743 1928 decora
759 1887 802 1928 et
824 1883 1002 1928 conditae
1023 1883 1118 1928 urbi
1139 1884 1309 1942 aequalis
1326 1884 1526 1930 victoria:

170 1949 401 2007 3utrisque
432 1952 574 1994 tamen
613 1964 746 1994 novus
777 1949 912 1994 hostis
947 1965 1090 1994 curam
1121 1948 1314 1994 addebat.
1377 1949 1529 2006 Pugna

209 2013 362 2058 indicio
390 2014 472 2058 fuit
494 2029 598 2072 quos
620 2014 828 2072 gesserint
850 2014 1021 2067 animos,
1043 2028 1222 2071 namque
1252 2014 1313 2058 ita
1332 2014 1529 2060 conflixe-

210 2082 312 2123 runt
333 2082 382 2122 ut
403 2078 660 2137 aliquamdiu
674 2080 719 2123 in
738 2082 932 2123 neutram
945 2081 1107 2136 partem
1128 2078 1377 2123 inclinarent
1392 2079 1501 2124 acies
1515 2097 1529 2125 ι

211 2147 305 2188 tum
326 2144 473 2188 consul
502 2143 827 2201 trepidationem
853 2142 1119 2201 injiciendam
1140 2149 1271 2198 ratus,
1295 2143 1460 2203 quando
1487 2143 1530 2188 vi

205 2208 312 2270 pelli
345 2223 432 2255 non
465 2212 674 2267 poterant,
709 2208 921 2268 equitibus
956 2208 1152 2255 immissis
1191 2208 1364 2256 turbare
1395 2208 1531 2268 prima
