1649 2452
563 76 676 121 LIB.
706 77 782 121 IX.
816 80 959 129 13,14.
1342 82 1417 124 551

102 133 144 168 A.
162 131 201 166 c.
210 130 310 173 ,3184

97 190 161 231 00,
192 191 322 234 quum
350 175 518 231 tempus
548 186 670 217 omne
702 173 746 217 in
781 176 986 231 apparatu
1014 185 1166 231 pugnae
1197 185 1418 231 consump-

97 239 236 292 sisset,
269 237 536 296 colloquutus
577 235 628 281 de
664 252 709 281 re
743 237 858 282 haud
891 236 1018 282 dubia
1057 237 1226 295 signum
1267 253 1419 295 pugnae

97 303 332 362 proposuit.
393 300 632 360 Agentibus
654 300 793 346 divina
813 302 1090 360 humanaque,
1114 317 1207 360 quae
1227 301 1416 346 adsolent
1432 306 1455 343 3

98 383 229 426 quum
248 367 336 412 acie
356 363 638 410 dimicandum
665 369 743 419 est,
766 365 1020 420 consulibus,
1048 365 1266 410 Tarentini
1291 365 1422 425 legati

97 446 320 476 occursare
346 444 594 488 responsum
623 434 930 488 exspectantes,
957 429 1110 488 quibus
1137 429 1332 487 Papirius
1360 431 1419 475 ait

101 495 344 554 “Auspicia
378 492 562 539 secunda
591 509 695 547 esse,
727 495 956 548 Tarentini,
987 494 1191 552 punarius
1225 494 1418 539 nuntiat:

97 559 269 605 litatum
298 564 452 618 praeter
482 573 532 603 ea
561 562 626 603 est
657 560 851 617 egregie·
884 559 1127 604 auctoribus
1163 558 1242 603 diis
1277 563 1328 603 ut
1362 560 1420 604 vi·

98 623 207 669 detis
247 622 302 668 ad
339 638 430 668 rem
469 621 696 681 gerendam
736 623 1051 681 proficiscimur.
1054 625 1082 643 ''
1153 623 1283 682 Signa
1322 623 1458 669 inde4

98 688 209 734 serre
225 687 355 747 jussit
375 691 418 732 et
439 687 579 745 copias
600 686 746 731 eduxit
778 688 1046 732 vanissimam
1072 687 1292 746 increpans
1319 704 1421 747 gen-

98 757 199 798 tem.
220 768 313 811 quae
333 768 504 797 suarum
524 751 733 809 impotens
761 767 902 797 rerum
929 769 1015 810 prae
1043 752 1284 798 domesticis
1312 753 1420 798 sedi-

99 801 286 862 tionibus
307 815 610 873 discordiisque
630 815 720 861 aliis
742 816 912 861 modum
938 817 1053 875 pacis
1082 832 1131 862 ac
1158 817 1256 862 belli
1282 817 1419 863 facere

100 897 267 940 aequum
282 887 484 926 censeret.
517 880 725 925 Samnites
742 896 795 925 ex
810 886 930 939 parte
951 881 1083 926 altera
1103 897 1233 939 quum
1252 897 1416 927 omnem
1431 886 1455 924 5

100 961 243 992 curam
263 945 360 990 belli
380 944 655 998 remisissent,
678 945 775 1004 quia
795 950 869 990 aut
897 961 1042 1003 pacem
1071 962 1168 991 vere
1196 946 1420 1004 cupiebant

101 1014 176 1056 aut
195 1009 442 1068 expediebat
463 1009 658 1054 simulare
685 1014 735 1054 ut
755 1010 1005 1055 Tarentinos
1027 1011 1107 1056 sibi
1134 1011 1417 1065 conciliarent,

102 1091 232 1134 quum
269 1075 502 1120 instructos
540 1077 714 1131 repente
749 1073 802 1119 ad
840 1090 1026 1134 pugnam
1065 1076 1282 1121 Romanos
1322 1091 1420 1121 con-

101 1141 350 1199 spexissent,
386 1139 608 1184 vociferari
641 1154 687 1183 se
721 1138 767 1183 in
806 1141 1059 1184 auctoritate
1098 1141 1422 1186 Tarentinorum

99 1220 268 1250 manere
287 1219 366 1249 nec
385 1203 637 1249 descendere
657 1204 702 1247 in
722 1203 853 1248 aciem
873 1219 950 1249 nec
978 1213 1099 1249 extra
1124 1205 1281 1250 vallum
1307 1221 1422 1250 arma

100 1269 224 1323 ferre,
247 1269 446 1327 deceptos
467 1269 608 1327 potius
631 1267 924 1328 quodcumque
945 1285 1067 1314 casus
1089 1269 1197 1314 ferat
1224 1285 1420 1327 passuros

102 1349 227 1393 quam
247 1338 297 1378 ut
318 1333 525 1391 sprevisse
546 1332 659 1391 pacis
685 1336 878 1378 auctores
907 1334 1157 1379 Tarentinos
1184 1333 1418 1379 videantur.

101 1399 306 1456 Accipere
326 1414 371 1443 se
391 1413 516 1442 omen
535 1396 727 1442 consules
748 1398 867 1443 aiunt
886 1402 932 1444 et
947 1414 1041 1444 eam
1062 1399 1222 1457 precari
1239 1404 1419 1444 mentem
1435 1411 1459 1449 6

103 1463 296 1508 hostibus
316 1466 367 1507 ut
387 1478 441 1507 ne
460 1461 612 1506 vanum
636 1461 805 1520 quidem
826 1463 1066 1508 defendant.
1129 1464 1220 1522 Ipsi
1246 1464 1357 1509 inter
1377 1480 1422 1509 se
1436 1475 1459 1515 7

103 1528 272 1586 partitis
292 1527 424 1585 copiis
446 1525 679 1571 succedunt
706 1526 892 1572 hostium
919 1529 1205 1582 munimentis,
1228 1533 1272 1573 et
1299 1529 1424 1573 simul

103 1591 289 1650 undique
310 1591 459 1645 adorti,
483 1607 613 1649 quum
639 1606 736 1649 pars
765 1591 900 1637 fossas
930 1593 1145 1651 explerent
1177 1609 1273 1649 pars
1300 1593 1424 1639 velle-

103 1662 200 1701 rent
219 1656 375 1700 vallum
395 1660 523 1714 atque
543 1656 587 1700 in
607 1655 742 1700 fossas
763 1661 1024 1714 proruerent,
1046 1673 1124 1702 nec
1144 1658 1279 1702 virtus
1299 1658 1423 1702 modo

103 1721 231 1766 insita
259 1720 334 1765 sed
368 1720 431 1764 ira
465 1720 593 1764 etiam
627 1720 889 1766 exulceratos
924 1722 1154 1781 ignominia
1188 1722 1424 1768 stimularet

103 1785 276 1838 animos,
310 1789 449 1830 castra
481 1785 683 1839 invasere,
718 1789 762 1830 et
796 1801 873 1844 pro
909 1802 954 1831 se
990 1787 1181 1845 quisque,
1215 1802 1301 1832 non
1334 1787 1425 1833 haec

102 1849 288 1895 furculas
321 1864 400 1894 nec
436 1849 642 1894 Caudium
678 1865 757 1895 nec
791 1850 923 1896 saltus
958 1851 1093 1896 invios
1130 1866 1221 1897 esse
1250 1852 1326 1897 ubi
1359 1869 1426 1898 er-

103 1929 242 1960 rorem
274 1915 391 1959 fraus
426 1913 605 1972 superbe
638 1915 821 1970 vicisset,
852 1915 927 1960 sed
955 1916 1192 1961 Romanam
1221 1917 1425 1963 virtutem

105 1994 232 2038 quam
257 1994 336 2024 nec
364 1979 520 2024 vallum
546 1994 624 2024 nec
651 1979 774 2024 fossae
805 1985 1008 2034 arcerent,
1036 1986 1314 2026 memorantes
1345 1997 1425 2027 cae-

106 2043 213 2088 dunt
250 2043 410 2102 pariter
448 2043 693 2088 resistentes
728 2044 941 2103 fusosque,
978 2045 1158 2091 inermes
1198 2050 1324 2104 atque
1359 2061 1424 2091 ar-

103 2111 254 2161 matos,
289 2123 434 2153 servos
472 2107 639 2162 liberOS,
675 2107 854 2166 puberes
894 2110 1098 2168 impubes,
1129 2111 1320 2156 homines
1355 2114 1425 2167 ju-

104 2176 352 2231 mentaque:
387 2186 467 2218 nec
494 2172 628 2218 ullum
659 2173 937 2230 superfuisset
969 2174 1133 2230 animal,
1157 2175 1203 2220 ni
1231 2179 1423 2222 consules

105 2236 295 2301 receptui
332 2236 503 2300 signum
541 2237 755 2287 dedissent
789 2238 1018 2305 avidosque
1051 2239 1176 2291 eaedis
1209 2239 1364 2290 milites
1399 2256 1423 2295 e
