1649 2452
514 119 628 159 LIB.
656 118 730 159 vr.
759 120 823 165 38,
842 120 904 157 39.
1296 119 1374 159 417

58 174 101 207 A.
119 174 159 208 C.
174 173 246 206 ³6⁶.

55 216 219 274 perium
246 173 540 272 1011011111111111,
568 212 694 258 simul
723 211 837 271 quod
862 226 912 256 eo
941 213 1144 268 tempore,
1167 224 1250 268 quo
1280 225 1376 268 pro-

54 279 290 351 mulgatnm
310 277 362 323 de
381 277 516 323 multa
535 277 626 350 ejus
647 278 842 330 traditur,
866 278 940 320 aut
961 280 1005 319 et
1025 275 1124 320 huic
1151 275 1372 332 rogationi,

55 358 140 402 qua
155 358 202 388 se
220 342 266 388 in
285 342 472 387 ordinem
501 342 596 400 cogi
616 341 797 395 videbat,
820 340 1024 386 obsistere
1051 338 1204 397 potuit,
1228 343 1301 383 aut
1321 354 1374 383 ne

53 407 145 452 illas
166 406 346 466 quidem,
369 409 542 465 propter
563 421 667 465 quas
688 409 731 450 et
752 406 842 450 haec
861 405 949 449 lata
968 406 1072 456 erat,
1094 402 1310 460 impedire,
1331 408 1375 446 et

55 470 180 530 quod,
215 471 353 530 quoad
386 486 520 529 usque
555 470 609 514 ad
643 471 883 515 memoriam
917 471 1106 514 nostram
1140 467 1376 512 tribuniciis

54 535 425 595 consularibusque
446 538 655 581 certatum
676 535 835 580 viribus
857 537 936 590 est,
959 532 1181 578 dictaturae
1209 547 1374 590 semper

54 600 181 646 altius
201 599 421 659 fastigium
442 599 539 644 fuit.

111 664 234 710 Inter
272 664 454 722 priorem
495 663 750 709 dictaturam
791 663 1026 709 abdicatam
1066 677 1301 720 novamque
1349 677 1373 705 a
1388 661 1493 715 (39)

53 728 217 774 Μ311110
243 729 388 774 initam
412 729 464 774 ab
492 728 675 774 tribunis
705 727 822 773 velut
850 743 926 786 per
954 728 1242 786 interregnum
1275 741 1373 771 con-

55 793 151 839 cilio
171 793 303 852 plebis
333 793 477 838 habito
504 793 712 851 apparuit,
736 809 830 851 quae
857 808 909 837 ex
939 791 1217 851 promulgatis
1248 791 1374 850 plebi,

55 873 148 917 quae
185 857 391 913 latoribus
426 858 612 916 gratiora
647 862 815 902 essent:
847 873 942 902 nam
981 857 1033 902 de
1068 857 1212 901 fenore
1247 860 1375 914 atque

53 937 155 982 agro
192 922 428 980 rogationes
455 921 674 980 jubebant,
705 921 757 966 de
788 921 950 979 plebeio
981 921 1153 967 consule
1183 921 1376 980 antiqua-

52 985 167 1032 bant.
228 987 288 1031 Et
315 986 502 1044 perfecta
527 990 707 1045 utraque
738 1002 805 1031 res
837 991 964 1042 esset,
991 986 1036 1031 ni
1065 986 1228 1031 tribuni
1257 1001 1302 1030 se
1332 986 1376 1029 in
1393 992 1415 1028 2

52 1051 194 1096 omnia
229 1050 354 1095 simul
389 1050 607 1096 consulere
637 1050 802 1109 plebem
833 1051 1053 1096 dixissent.
1116 1052 1165 1094 P.
1188 1050 1375 1095 Manlius
1394 1058 1417 1094 3

52 1115 204 1161 deinde
223 1115 406 1161 dictator
433 1131 522 1160 rem
550 1115 596 1160 in
622 1130 793 1160 causam
822 1115 956 1174 plebis
987 1115 1203 1160 inclinavit
1235 1115 1282 1160 C.
1304 1115 1377 1160 Li-

52 1180 175 1234 cinio,
200 1180 271 1239 qui
291 1179 489 1225 tribunus
509 1179 691 1224 militum
712 1180 865 1233 fuerat,
888 1180 1091 1238 magistro
1112 1180 1302 1239 equitum
1323 1180 1376 1225 de

52 1244 172 1302 plebe
207 1244 333 1290 dicto.
395 1244 449 1289 Id
485 1260 596 1303 aegre
631 1248 772 1303 patres
803 1260 950 1303 passos
981 1245 1166 1303 accipio:
1199 1245 1417 1290 dictato-4·

52 1324 142 1354 rem
177 1309 412 1368 propinqua
446 1309 698 1368 cognatione
728 1309 883 1355 Licinii
913 1325 958 1355 se
989 1310 1102 1369 apud
1133 1314 1274 1368 patres
1305 1325 1376 1355 ex-

53 1388 201 1419 cusare
221 1373 405 1427 solitum,
424 1373 548 1418 simul
568 1377 796 1432 negantem
816 1375 1008 1434 magistri
1030 1375 1222 1434 equitum
1241 1375 1375 1433 majus

54 1453 178 1497 quam
199 1437 361 1484 tribuni
381 1438 610 1483 consularis
631 1439 852 1496 imperium
881 1455 985 1484 esse.
1048 1440 1238 1485 Licinius
1271 1441 1372 1485 Sex·
1389 1447 1412 1483 5

52 1503 237 1561 tiusque,
260 1518 392 1560 quum
411 1503 679 1548 tribunorum
700 1504 812 1562 plebi
833 1504 1108 1549 creandorum
1129 1505 1288 1550 indicta
1307 1521 1376 1550 co-

52 1567 174 1612 mitia
202 1570 356 1619 essent,
387 1567 449 1611 ita
478 1583 523 1613 se
553 1584 701 1627 gerere
731 1573 781 1614 ut
811 1569 1004 1627 negando
1030 1569 1118 1628 jam
1154 1569 1234 1615 sibi
1268 1570 1373 1614 velle

53 1632 290 1677 continuari
326 1632 527 1676 honorem
567 1633 746 1678 acerime
781 1633 1058 1679 accenderent
1095 1634 1148 1679 ad
1182 1635 1224 1679 id
1262 1635 1374 1693 quod

53 1695 353 1741 dissimulando
389 1696 589 1754 petebant
620 1697 809 1756 plebem:
842 1714 998 1744 nonum
1030 1715 1075 1744 se
1105 1715 1259 1744 annum
1287 1700 1374 1758 jam

52 1759 169 1805 velut
204 1760 250 1805 in
285 1761 416 1805 aciem
458 1760 658 1806 adversus
699 1763 925 1820 optimates
960 1764 1142 1808 maximo
1180 1764 1374 1822 privatim

53 1824 240 1883 periculo
275 1825 391 1869 nullo
421 1825 588 1884 publice
619 1826 903 1873 emolumento
934 1834 1071 1873 stare:
1104 1829 1374 1874 consenuisse

47 1889 134 1947 jam
171 1905 314 1935 secum
345 1893 389 1934 et
419 1891 659 1949 rogationes
691 1892 976 1950 promulgatas
1012 1896 1056 1938 et
1090 1893 1173 1938 vim
1209 1909 1374 1939 omnem

52 1953 288 2000 tribuniciae
320 1955 557 2013 potestatis.
621 1955 763 2001 Primo
792 1957 1092 2003 intercessione
1120 1958 1371 2017 collegarum
1390 1967 1413 2005 6

52 2017 98 2062 111
117 2017 232 2078 leges
253 2034 352 2063 suas
376 2023 609 2078 pugnatum
642 2036 746 2076 esse,
769 2020 919 2067 deinde
947 2021 1209 2079 ablegatione
1222 2027 1377 2081 juven-

11 2054 183 2196 §tutis
182 2083 235 2128 ad
264 2083 532 2128 Veliternum
560 2084 729 2139 bellum,
753 2090 967 2144 postremo
995 2086 1267 2133 dictatorium
1295 2089 1376 2134 ful-

53 2163 151 2192 men
171 2163 215 2192 1n
236 2163 281 2193 se
301 2148 585 2194 intentatum:
612 2153 702 2208 jam
724 2167 802 2196 nec
823 2151 1004 2210 collegas
1024 2167 1101 2198 nec
1122 2152 1275 2197 bellum
1298 2169 1375 2199 nec

57 2210 304 2276 Ι,110131010111
325 2212 508 2268 obstare,
530 2214 684 2273 quippe
706 2215 777 2274 qui
798 2216 924 2260 etiam
946 2231 1068 2262 omen
1088 2217 1250 2276 plebeio
1277 2234 1374 2263 con-

56 2265 138 2330 ’suli
178 2277 380 2334 magistro
415 2278 607 2337 equitum
642 2295 695 2324 ex
735 2280 854 2338 plebe
894 2281 1070 2328 dicendo
1104 2281 1290 2329 dederit:
1328 2299 1373 2329 se

119 2352 188 2380 mv,
204 2353 295 2382 nm.
315 2356 342 2380 1.
679 2360 707 2394 1:
730 2364 752 2393 ρ
