1649 2452
543 93 651 133 LlB.
684 96 781 135 v.11
817 98 861 135 15
869 97 981 135 -17-
1347 101 1425 138 443

110 152 376 241 ssefngffiile
404 195 586 252 gestum,
607 192 688 237 nisi
717 192 832 250 quod
858 192 994 251 legem
1019 204 1130 235 novo
1157 191 1346 248 exemplo
1375 193 1427 236 ad

112 259 302 306 Sutrium
339 258 386 304 in
426 257 575 303 castris
615 256 809 302 tributim
848 255 901 302 de
934 255 1130 302 vicesima
1170 270 1315 300 eorum
1355 257 1428 318 qui

108 339 238 369 manu
274 323 548 368 mitterentur
585 321 698 366 tulit.
760 322 923 374 Patres,
955 321 1053 380 quia
1092 335 1142 365 ea
1180 319 1273 379 lege
1313 319 1426 365 haud
1447 325 1489 363 ll

109 405 284 448 parvum
313 388 496 447 vectigal
524 387 639 446 inopi
669 388 814 432 aerario
845 386 1032 432 additum
1073 388 1198 438 esset,
1231 389 1425 432 auctores

110 454 295 500 fuerunt.
357 453 568 498 Caeterum
598 451 760 497 tribuni
789 451 922 509 plebis
951 465 1037 496 non
1064 454 1152 495 tam
1179 449 1274 508 lege
1301 466 1426 510 quam
1444 455 1490 494 12

107 517 297 576 exemplo
337 518 454 570 moti,
495 532 548 562 ne
590 516 683 575 quis
723 519 820 588 post
867 531 918 561 ea
955 514 1156 574 populum
1196 519 1424 570 sevocaret,

106 583 244 641 capite
283 586 540 627 sanxerunt:
572 581 675 626 nihil
710 581 821 625 enim
852 595 938 625 non
971 595 1047 638 per
1077 579 1231 624 milites
1259 579 1426 638 juratos

104 647 150 691 in
179 647 363 692 consulis
392 646 521 691 verba
561 647 752 704 quamvis
788 645 1069 704 perniciosum
1107 643 1275 702 populo,
1308 645 1344 690 si
1383 645 1427 690 id

105 711 262 764 liceret,
294 711 396 756 ferri
425 725 562 768 posse.
623 709 785 754 Eodem
816 724 925 754 anno
957 709 1005 754 C.
1027 709 1217 754 Licinius
1249 709 1368 754 Stolo
1402 714 1491 754 a13

104 775 169 820 M.
190 775 355 834 Popilio
389 775 564 820 Laenate
605 789 681 818 sua
713 774 805 832 lege
839 773 981 818 decem
1017 772 1200 818 millibus
1231 773 1326 818 aeris
1359 779 1426 819 est

106 840 344 895 damnatus,
360 838 473 898 quod
492 838 604 883 mille
622 839 819 896 jugerum
841 839 933 896 agri
957 853 1052 883 cum
1071 837 1157 883 fih’o
1176 838 1424 897 possideret,

105 904 488 963 emancipandoque
507 902 640 947 filium
659 902 849 947 fraudem
871 903 956 961 legi
977 902 1158 948 fecisset.

163 969 280 1014 Novi
308 968 501 1014 consules
530 967 628 1012 inde
658 967 722 1011 M.
745 967 900 1012 Fabius
931 967 1167 1012 Ambustus
1197 968 1353 1012 iterum
1382 972 1425 1014 et
1440 967 1539 1023 (17)

105 1033 170 1079 M.
191 1033 382 1088 Popilius
417 1032 569 1077 Laenas
610 1032 765 1076 iterum
806 1031 888 1076 duo
929 1031 1038 1077 bella
1077 1031 1272 1088 habuere,
1305 1033 1426 1078 facile

104 1097 282 1143 alterum
310 1113 407 1143 cum
434 1096 682 1142 Tiburtibus
708 1096 818 1155 quod
849 1096 1000 1141 Laenas
1029 1097 1173 1154 gessit,
1199 1097 1272 1156 qui
1303 1097 1426 1143 hoste

103 1163 148 1207 in
167 1161 314 1208 urbem
336 1161 551 1220 compulso
572 1175 695 1220 agros
716 1161 912 1205 vastavit.
974 1161 1127 1205 Falisci
1152 1161 1426 1220 Tarquinien-
1443 1171 1467 1208 2

103 1243 254 1286 sesque
283 1227 463 1272 alterum
490 1225 704 1271 consulem
734 1226 869 1284 prima
889 1241 1032 1284 pugna
1061 1225 1292 1270 fuderunt:
1322 1227 1420 1273 inde

102 1297 239 1337 terror
276 1292 483 1336 maximus
523 1291 618 1344 fuit,
653 1290 765 1349 quod
795 1289 1035 1335 sacerdotes
1076 1305 1221 1335 eorum
1260 1291 1422 1337 facibus

102 1356 345 1402 ardentibus
367 1355 659 1415 anguibusque
686 1355 869 1413 praelatis
896 1355 1064 1400 incessu
1085 1355 1226 1400 furiali
1246 1356 1421 1401 militem

101 1421 339 1466 Romanum
360 1420 528 1465 insueta
546 1419 826 1465 turbaverunt
848 1420 1000 1478 specie.
1060 1420 1120 1465 Et
1139 1424 1232 1465 tum
1255 1420 1421 1478 quidem
1442 1428 1463 1464 3

100 1485 217 1530 velut
236 1485 443 1544 lymphati
468 1488 512 1529 ct
532 1484 712 1530 adtoniti
741 1485 1012 1529 munimentis
1042 1484 1129 1529 suis
1156 1484 1323 1543 trepido
1351 1501 1423 1544 ag-

100 1550 212 1595 mine
247 1549 511 1596 inciderunt:
544 1549 704 1605 deinde,
738 1549 811 1594 ubi
847 1549 997 1594 consul
1027 1549 1238 1608 legatique
1269 1565 1318 1595 ac
1347 1551 1422 1594 tri-

100 1615 203 1660 buni
231 1630 460 1674 puerorum
490 1614 578 1659 ritu
600 1629 708 1659 vana
734 1615 935 1660 miracula
961 1619 1163 1673 paventes
1191 1615 1422 1660 irridebant

100 1679 467 1738 increpabantque,
499 1679 630 1724 vertit
660 1679 819 1724 animos
849 1687 1023 1737 repente
1059 1679 1196 1738 pudor
1225 1683 1268 1724 et
1298 1680 1342 1724 in
1372 1695 1422 1724 ea

99 1744 190 1802 ipsa
224 1760 317 1803 quae
353 1744 552 1802 fugerant
580 1743 697 1787 velut
727 1744 826 1788 caeci
855 1743 1047 1788 ruebant.
1107 1744 1312 1789 Discusso
1341 1745 1461 1788 ita-4

100 1824 181 1867 que
204 1824 314 1854 vano
341 1812 547 1867 apparatu
574 1808 762 1852 hostium
790 1824 919 1866 quum
948 1809 994 1853 in
1021 1809 1135 1867 ipsos
1167 1813 1349 1853 armatos
1373 1825 1419 1854 se

99 1873 354 1926 intulissent,
387 1876 631 1919 averterunt
670 1876 808 1916 totam
848 1873 992 1926 aciem,
1024 1873 1257 1930 castrisque
1291 1873 1417 1918 etiam

99 1952 149 1982 eo
175 1937 243 1982 die
271 1937 399 1996 potiti
426 1936 569 1995 praeda
596 1936 761 1995 ingenti
790 1940 912 1994 parta
938 1938 1121 1982 victores
1150 1940 1418 1983 reverterunt

98 2002 349 2048 militaribus
372 2002 482 2060 jocis
515 2017 645 2061 quum
676 2006 922 2059 apparatum
953 2002 1140 2047 hostium
1168 2005 1261 2047 tum
1292 2018 1417 2048 suum

98 2067 360 2126 increpantes
391 2082 599 2125 pavorem.
662 2066 912 2111 Concitatur
938 2066 1088 2112 deinde
1109 2082 1232 2112 omne
1262 2082 1416 2112 nomen
1436 2070 1458 2107 5

98 2130 327 2177 Etruscum
358 2136 402 2176 et
441 2131 812 2190 Tarquiniensibus
847 2131 1105 2190 Faliscisque
1144 2131 1321 2178 ducibus
1361 2132 1414 2177 ad

101 2195 260 2242 Salinas
289 2196 551 2255 perveniunt.
612 2195 828 2241 Adversus
862 2212 959 2241 eum
992 2200 1196 2243 terrorem
1231 2196 1414 2242 dictator
1428 2205 1451 2244 6

102 2258 151 2306 Ο.
169 2259 358 2309 Marcius
385 2261 560 2307 Rutilus
586 2261 746 2319 primus
774 2260 825 2307 de
851 2261 973 2320 plebe
996 2260 1136 2310 dictus
1161 2262 1411 2322 magistrum
