1649 2452
543 73 655 114 Lm.
685 75 758 115 vi.
790 76 907 115 4—6.
1062 63 1067 70 ’
1321 65 1398 114 375

75 128 119 160 Α.
137 127 174 160 c.
194 125 284 168 383]

73 174 242 214 tautum
270 167 409 228 quoad
436 169 546 214 vires
575 174 618 214 et
649 186 764 214 arma
790 170 1028 215 habuerunt
1058 167 1318 214 incursiones
1349 181 1398 210 eo

71 234 220 287 factas,
256 233 417 278 nobiles
456 234 646 279 homines
688 235 734 279 in
768 234 1079 293 possessionem
1114 232 1206 292 agri
1244 230 1400 288 publici

72 299 267 357 grassari,
288 314 378 352 nec,
410 298 492 343 nisi
519 303 618 344 ante
646 315 771 358 quam
799 299 938 344 omnia
965 299 1211 358 praecipiant
1237 295 1398 340 divisus

74 363 143 417 sit,
175 363 313 408 locum
343 363 402 408 ibi
424 363 542 422 ¹plebi
569 365 671 408 fore.
734 364 867 409 Haud
896 378 1049 423 magno
1077 377 1203 421 opere
1236 360 1395 418 plebem
1413 363 1437 399 4

73 431 293 474 moverant
330 435 373 473 et
408 428 717 487 infrequentem
752 430 797 474 in
834 430 924 474 foro
960 434 1134 487 propter
1169 425 1401 472 aedificandi

74 507 217 538 curam
248 497 292 538 et
327 492 473 538 eodem
510 493 756 538 exhaustam
793 494 993 552 impensis
1029 507 1162 551 eoque
1199 491 1290 548 agri
1322 490 1401 534 im-

74 572 314 607 memorem,
335 556 387 601 ad
410 573 532 616 quem
563 558 857 603 instruendum
887 559 996 603 vires
1017 573 1104 602 non
1129 559 1284 601 essent.
1345 554 1435 600 In5

76 622 247 667 civitate
273 622 399 680 plena
425 622 689 681 religionum,
717 627 822 668 tuno
853 623 979 668 etiam
1008 622 1060 668 ab
1090 620 1252 666 recenti
1282 619 1400 665 clade

75 687 381 745 superstitiosis
408 687 682 745 principibus,
705 691 755 732 ut
775 691 1081 733 renovarentur
1110 685 1308 744 auspicia,
1330 699 1399 729 res

75 751 129 796 ad
157 752 448 810 interregnum
477 751 615 796 rediit.
679 753 922 811 Interreges
959 752 1155 810 deinceps
1191 750 1254 795 M.
1277 749 1400 794 Man·

0 831 1 840 ¹
75 816 156 861 lius
193 816 456 875 Capitolinus
489 817 577 861 Ser.
603 816 813 875 Sulpicius
845 817 1093 862 Camerinus
1129 815 1180 861 L.
1203 814 1400 859 Valerius

75 881 260 926 Potitus.
322 881 409 926 Hic
450 880 619 926 demum
658 881 924 926 tribunorum
967 881 1150 926 militum
1192 878 1439 925 consulariG

75 949 288 1003 potestate
325 945 496 990 comitia
535 945 710 990 habuit:
754 946 806 991 L.
830 947 1046 1005 Papirium
1088 945 1136 990 C.
1160 945 1403 990 Cornelium

76 1009 125 1054 C.
150 1011 342 1069 Sergium
373 1010 424 1054 L.
447 1011 667 1054 AEmilium
697 1011 852 1056 iterum
883 1012 939 1063 L„
959 1011 1205 1056 Menenium
1241 1010 1294 1054 L.
1317 1009 1402 1054 Va·

74 1074 224 1119 lerium
254 1074 512 1120 Publicolam
539 1075 715 1120 tertium
743 1080 883 1120 creat:
916 1076 947 1120 ii
975 1092 1027 1120 ex
1054 1077 1297 1133 interregno
1318 1089 1403 1118 ma-

75 1140 302 1198 gistratum
323 1155 533 1198 occepere.
586 1140 653 1185 Eo
674 1156 782 1185 anno
806 1141 915 1186 aedes
937 1141 1092 1186 Martis
1115 1140 1274 1185 Gallico
1294 1139 1403 1184 bello
1418 1149 1439 1190 7

75 1209 176 1249 vota
216 1205 409 1250 dedicata
443 1210 509 1250 est
545 1221 570 1249 a
604 1205 653 1250 T.
678 1206 878 1259 Quinctio
916 1206 1139 1250 duumviro
1176 1204 1306 1249 sacris
1343 1205 1403 1248 fa-

75 1269 246 1315 ciendis.
308 1269 461 1315 Tribus
484 1273 686 1328 quattuor
714 1286 766 1315 ex
785 1271 906 1315 novis
935 1271 1096 1315 civibus
1118 1269 1273 1314 additae
1295 1269 1403 1313 Stel·
1417 1280 1440 1317 8

75 1335 207 1380 latina
241 1335 515 1379 Tromentina
555 1334 756 1380 Sabatina
795 1336 1029 1390 Arniensis,
1067 1350 1211 1394 eaeque
1251 1333 1404 1393 viginti

76 1400 261 1459 quinque
282 1399 472 1445 tribuum
491 1416 715 1445 numerum
737 1401 971 1458 explevere.

133 1465 200 1509 De
222 1480 323 1524 agro
345 1465 571 1522 Pomptino
593 1465 644 1510 ab
665 1466 717 1510 L.
739 1465 894 1510 Sicinio
916 1465 1088 1511 tribuno
1109 1465 1244 1524 plebis
1262 1468 1403 1510 actum
1416 1470 1490 1523 (6)

80 1528 133 1574 ad
154 1529 482 1588 frequentiorem
498 1533 588 1588 jam
610 1530 812 1589 populum
833 1531 1178 1589 mobilioremque
1207 1530 1261 1574 ad
1289 1530 1405 1588 cupi-

80 1594 254 1639 ditatem
289 1595 379 1653 agri
411 1611 536 1654 quam
566 1595 718 1640 fuerat.
779 1595 839 1641 Et
871 1595 922 1640 de
949 1596 1105 1641 Latino
1135 1596 1441 1654 Hernicoque2

76 1658 186 1704 bello
215 1660 376 1704 mentio
408 1660 520 1704 facta
549 1660 594 1704 in
626 1663 778 1705 senatu
810 1661 980 1718 majoris
1012 1660 1112 1706 belli
1145 1675 1256 1713 cura,
1293 1660 1405 1718 quod

75 1724 252 1770 Etruria
285 1725 331 1769 in
365 1725 491 1769 armis
528 1728 633 1776 erat,
665 1725 794 1769 dilata
828 1732 906 1770 est.
970 1726 1057 1770 Res
1093 1725 1146 1770 ad
1182 1725 1402 1770 Camillum
1418 1735 1440 1771 3

76 1789 294 1834 tribunum
331 1789 512 1834 rnilitum
549 1789 759 1834 consulari
798 1793 1010 1848 potestate
1050 1789 1204 1835 rediit:
1235 1789 1404 1849 collegae

77 1854 210 1899 additi
231 1855 415 1914 quinque
438 1855 526 1899 Ser.
550 1854 770 1899 Cornelius
793 1855 1101 1913 Maluginensis
1124 1855 1178 1903 Q.
1203 1855 1404 1900 Servilius

77 1918 258 1964 Fidenas
289 1924 456 1964 sextum
486 1919 538 1964 L.
564 1919 786 1973 Quinctius
817 1919 1093 1965 Cincinnatus
1119 1920 1172 1964 L.
1196 1920 1404 1965 Horatius

77 1983 286 2028 Pulvillus
306 1985 355 2029 P.
378 1983 588 2029 Valerius.
651 1984 865 2042 Principio
888 1985 987 2029 anni
1008 2001 1164 2030 aversae
1190 2000 1301 2030 curae
1329 1985 1441 2030 lio-4

77 2049 236 2093 minum
266 2053 367 2093 sunt
396 2065 420 2093 a
447 2049 552 2093 bello
580 2049 777 2103 Etrusco,
800 2048 912 2106 quod
940 2049 1193 2108 fugientium
1221 2065 1274 2095 ex
1302 2066 1403 2109 agro

78 2112 305 2171 Pomptino
327 2129 477 2174 agmen
496 2118 670 2173 repente
691 2114 853 2158 illatum
881 2115 927 2160 in
951 2114 1100 2160 urbem
1128 2114 1295 2172 adtulit,
1317 2118 1405 2160 An-

78 2177 206 2223 tiates
227 2179 278 2222 in
303 2179 430 2224 armis
455 2194 547 2224 csse
573 2179 909 2238 Latinorumque
934 2179 1111 2239 populos
1130 2182 1404 2238 juventutem

80 2242 326 2292 submisisse
349 2243 404 2291 ad
428 2244 474 2292 id
499 2243 668 2303 bellum,
688 2259 739 2292 eo
765 2244 999 2292 abnuentes
1027 2245 1244 2308 publicum
1272 2246 1403 2295 fuisse
