1649 2452
219 98 298 135 454
531 99 575 137 T.
609 97 758 137 LIVII
793 98 1212 140 HISTORIARUM
1332 149 1390 194 [Α.
1405 153 1442 184 c
1458 152 1528 186 346

215 205 369 250 cosque
390 207 529 237 arcere
544 193 737 237 litoribus
752 194 909 266 jussit:
941 198 984 238 et
1000 209 1131 252 quum
1150 194 1195 238 in
1214 209 1364 267 agrurn
1382 195 1533 253 Pomp-

213 256 351 302 tinum
393 257 690 310 descendisset,
735 257 833 315 quia
870 274 1007 317 neque
1046 259 1092 303 in
1130 259 1287 317 eampis
1332 259 1535 318 congredi

214 321 330 366 nulla
357 326 535 381 cogente
561 338 607 367 re
633 322 800 368 volebat
827 329 870 368 et
897 322 1153 382 prohibendo
1180 324 1533 383 populationibus»,

218 401 322 444 quos
346 392 469 444 rapto
500 388 637 432 vivere
664 389 892 433 necessitas
920 397 1101 447 cogeret,
1129 389 1231 434 satis
1260 389 1420 434 domari
1446 404 1537 434 cre-

97 449 203 502 (26)
218 450 344 496 debat
383 452 561 505 hostem,
603 452 741 496 locum
775 452 972 498 idoneum
1007 454 1173 498 stativis
1213 453 1384 512 delegit.
1443 453 1534 498 Ubi

217 531 346 572 quum
383 516 635 562 stationibus
671 516 804 574 quieti
832 522 1000 575 tempus
1031 522 1229 572 tererent,
1263 518 1408 563 Gallus
1438 533 1534 576 pro-

214 581 342 625 cessit
376 580 666 639 magnitudine
702 585 830 638 atque
867 582 991 626 armis
1026 582 1215 640 insignis,
1257 582 1534 641 quatiensque

212 649 379 690 scutum
420 645 543 690 hasta
583 661 714 702 quum
754 646 966 690 silentium
1004 646 1185 700 fecisset,
1222 651 1423 704 provocat
1457 662 1535 705 per

209 710 484 768 interpretem
521 726 652 754 unum
688 726 741 755 ex
775 711 991 763 Romanis,
1030 711 1102 769 qui
1136 726 1280 756 seeum
1315 711 1426 756 ferro
1462 711 1535 756 de-

171 780 192 815 2
211 779 365 820 cernat.
429 775 491 819 M.
515 779 605 819 erat
626 775 825 820 Valerius
853 775 1049 820 tribunus
1070 776 1252 820 militum
1274 775 1530 830 adolescens,

210 840 282 896 qui
311 840 425 884 haud
454 839 731 897 indigniorem
763 855 812 884 eo
835 840 983 884 decore
1018 856 1063 884 se
1099 856 1224 898 quam
1254 840 1301 884 Τ.
1321 840 1531 885 Manlium

209 908 327 949 ratus
357 905 474 961 prius
505 905 746 949 sciscitatus
774 904 957 949 consulis
984 904 1245 949 voluntatem
1272 905 1318 949 in
1347 904 1532 950 medium

168 977 191 1013 3
209 973 395 1013 armatus
423 970 640 1026 processit.
701 969 848 1014 Minus
876 969 1040 1027 insigne
1069 974 1283 1014 certamen
1301 969 1532 1014 humanum

207 1034 378 1078 numine
398 1033 650 1091 interposito
671 1033 842 1078 deorum
872 1034 1055 1078 factum:
1088 1050 1269 1092 namque
1294 1033 1533 1079 conserenti

201 1100 288 1153 jam
320 1114 490 1143 manum
518 1099 710 1143 Romano
739 1114 889 1143 corvus
920 1103 1093 1157 repente
1123 1099 1169 1143 in
1195 1098 1315 1158 galea
1340 1099 1532 1144 consedit

166 1163 250 1206 4in
280 1163 444 1208 hostem
475 1179 636 1208 versus.
699 1163 828 1211 Quod
858 1163 992 1221 primo
1022 1168 1072 1208 ut
1099 1164 1145 1208 in
1175 1164 1399 1222 augurium
1426 1163 1531 1209 coelo

205 1229 379 1272 missum
400 1229 523 1273 laetus
545 1227 706 1285 accepit
722 1228 932 1283 tribunus,
953 1227 1330 1286 precatusdeinde,
1350 1229 1388 1273 si
1407 1228 1530 1273 divus

206 1293 242 1336 si
258 1292 353 1337 diva
369 1298 481 1338 esset
504 1293 576 1351 qui
596 1293 677 1337 sibi
692 1297 919 1351 praepetem
941 1293 1137 1344 misisset,
1155 1293 1299 1338 volens
1320 1293 1530 1351 propitius

165 1365 186 1400 5
205 1357 383 1402 adesset.
446 1359 580 1403 Dictn
600 1357 799 1412 mirabile,
822 1358 961 1402 tenuit
989 1374 1074 1402 non
1094 1357 1230 1402 solum
1258 1358 1343 1402 ales
1364 1362 1528 1416 captam

204 1422 332 1467 semel
352 1422 491 1467 sedem
515 1422 601 1476 sed,
626 1423 1001 1481 quotienscumque
1029 1427 1243 1467 certamen
1270 1423 1423 1467 initum
1448 1426 1527 1475 est,

202 1487 344 1532 levans
381 1504 426 1532 se
462 1488 537 1532 alis
568 1503 615 1532 os
647 1487 874 1545 oculosque
904 1487 1039 1532 hostis
1069 1491 1209 1532 rostro
1240 1492 1284 1532 et
1314 1487 1529 1545 unguibus

203 1552 377 1611 adpetit,
415 1552 547 1597 donec
582 1553 777 1597 territum
819 1552 1001 1610 prodigii
1040 1552 1137 1596 talis
1177 1552 1273 1597 visu
1312 1552 1528 1611 oculisque

159 1624 181 1660 6
202 1617 327 1662 simul
354 1633 401 1663 ae
428 1622 569 1662 mente
597 1617 816 1662 turbatum
845 1617 1039 1662 Valerius
1061 1616 1301 1662 obtruncat.
1363 1617 1528 1662 Corvus

201 1699 254 1727 ex
275 1688 504 1741 conspectu
524 1682 659 1727 elatus
682 1682 885 1727 on'entem
914 1683 1035 1740 petit.
1095 1682 1191 1726 Hae
1218 1686 1343 1726 tenus
1373 1682 1527 1740 quietae

199 1749 412 1806 utrimque
453 1749 658 1792 stationes
694 1748 842 1792 fuere:
893 1751 1117 1806 postquam
1153 1746 1331 1804 spoliare
1372 1761 1526 1805 corpus

199 1814 296 1858 caesi
315 1814 450 1858 hostis
478 1812 675 1858 tribunus
703 1812 845 1870 coepit,
868 1827 944 1856 nec
967 1812 1076 1856 Galli
1104 1827 1150 1856 se
1170 1812 1353 1856 statione
1379 1816 1528 1857 tenue-

198 1881 297 1922 runt
333 1882 376 1922 et
414 1879 700 1922 Romanorum
738 1893 887 1922 cursus
923 1877 974 1921 ad
1010 1877 1212 1921 victorem
1248 1877 1376 1921 etiam
1411 1877 1527 1922 ocior

157 1949 178 1990 7
198 1943 291 1987 fuit.
343 1943 411 1988 Ibi
433 1943 542 1988 circa
560 1944 739 2001 jacentis
763 1942 870 1987 Galli
885 1957 1037 2000 corpus
1059 1946 1275 1986 contracto
1296 1942 1526 1987 certamine

196 2024 338 2066 pugna
359 2015 481 2052 atrox
502 2008 757 2052 concitatur:
786 2010 875 2064 jam
894 2023 977 2051 non
994 2006 1216 2064 manipulis
1238 2007 1524 2064 proximarum

196 2074 427 2118 stationum
455 2073 529 2117 sed
558 2073 794 2131 legionibus
822 2072 1034 2130 utrimque
1061 2072 1209 2116 effusis
1236 2087 1304 2116 res
1331 2073 1522 2131 geritur:

196 2137 397 2182 Camillus
438 2137 582 2182 laetum
617 2137 794 2182 militem
828 2136 1005 2181 victoria
1043 2135 1216 2190 tribuni,
1253 2136 1398 2182 laetum
1433 2139 1524 2181 tum

195 2202 472 2260 praesentibus
500 2217 548 2247 ae
580 2202 774 2247 secundis
802 2201 882 2246 diis
909 2201 970 2246 ire
999 2201 1044 2246 in
1070 2201 1263 2260 proelium
1286 2201 1425 2259 Jubet‚
1454 2216 1525 2247 os-

195 2271 448 2329 tentansque
474 2267 682 2328 insignem
713 2266 857 2328 spoliis
885 2266 1106 2315 tribunum
1140 2271 1167 2293 “
1182 2266 1315 2315 Hunc
1339 2266 1518 2328 imitare,
