1649 2452
573 91 685 135 LIB.
714 92 841 135 VIII.
870 95 935 143 32,
955 93 1018 136 33.
1377 93 1455 134 523

139 150 185 187 A.
202 149 240 182 c.
257 147 326 184 322

137 190 317 237 Fabium
329 149 531 249 {Papirius
553 189 695 250 jussit.
756 189 845 235 Ubi
864 205 996 249 quum
1024 186 1346 247 deprecantibus
1373 188 1458 246 pri·
1475 191 1502 228 4

137 255 326 303 moribus
364 258 535 314 patrum
574 258 702 313 atque
741 255 941 300 universo
978 256 1129 299 senatu
1169 255 1378 310 perstaret
1413 253 1458 296 in

137 319 308 379 incepto
327 318 504 371 immitis
524 318 701 372 animus,
723 322 815 364 tum
837 322 957 378 pater
976 317 1040 363 M.
1060 316 1217 362 Fabius
1238 319 1264 341 “
1277 316 1459 365 Quando

139 383 335 444 quidem’'
372 383 512 443 inquit
543 385 569 407 “
584 382 698 442 apud
731 387 776 429 te
805 399 883 429 nec
918 382 1149 428 auctoritas
1180 386 1353 426 senatus
1383 397 1460 426 nec

139 452 243 496 aetas
271 464 376 503 mea,
399 448 469 494 cui
495 447 722 493 orbitatem
748 463 884 507 paras,
910 463 989 493 nec
1015 447 1152 492 virtus
1181 445 1462 504 nobilitasque

139 513 335 573 magistri
362 513 553 572 equitum
581 528 606 557 a
631 516 677 558 te
703 512 796 571 ipso
822 512 1027 558 nominati
1053 511 1178 568 valet,
1198 526 1277 557 nec
1304 526 1462 569 preces,

142 594 237 638 quae
257 593 368 636 saepe
388 578 554 623 hostem
581 577 842 636 mitigavere,
866 593 957 636 quae
979 576 1152 622 deorum
1178 576 1263 621 iras
1283 576 1464 634 placant,

140 642 335 688 tribunos
355 642 489 702 plebis
518 641 681 702 appello
701 646 746 688 et
773 657 954 700 provoco
975 641 1029 686 ad
1055 641 1256 699 populum
1284 657 1465 698 eumque

140 706 224 753 tibi
261 707 446 766 fugienti
485 707 694 752 exercitus
734 707 800 752 tui
834 706 1016 765 fugienti
1052 710 1224 750 senatus
1259 705 1466 764 judicium

136 771 323 833 judicem
354 772 457 826 fer0,
485 772 558 830 qui
585 775 701 817 certe
730 786 842 816 unus
875 771 970 829 plus
998 787 1122 829 quam
1149 775 1226 816 tua
1254 770 1467 815 dictatura

141 840 286 896 potest
321 835 559 896 polletque:
600 835 744 881 videro
779 851 1030 881 cessurusne
1069 835 1358 893 provocationi
1392 835 1463 889 sis,

143 901 215 947 cui
233 917 309 947 rex
329 901 549 947 Romanus
569 900 717 946 Tullus
733 900 947 945 Hostilius
968 901 1139 945 cessit.''
1199 900 1267 945 Ex
1287 899 1404 945 curia
1422 900 1467 944 in
1480 911 1503 947 5

143 967 386 1012 concionem
416 967 516 1011 itur.
578 966 677 1014 Quo
707 980 804 1011 cum
833 965 978 1024 paucis
1007 965 1201 1018 dictator,
1230 980 1325 1010 cum
1353 964 1470 1010 omni

143 1031 311 1090 agmine
330 1031 567 1090 principum
592 1030 794 1090 magister
821 1031 1012 1088 equitum
1040 1046 1171 1088 quum
1198 1029 1468 1087 escendisset,

144 1095 297 1142 deduci
331 1112 429 1142 eum
464 1095 518 1142 de
547 1097 698 1141 rostris
727 1096 924 1153 Papirius
958 1095 1003 1140 in
1032 1100 1194 1153 partem
1229 1095 1469 1140 inferiorem

137 1161 285 1218 Jussit.
347 1161 564 1220 Sequutus
585 1164 740 1219 pater‘
744 1160 885 1205 ‘Bene
906 1160 1022 1219 agis,'
1027 1160 1253 1218 'inquit,“
1268 1175 1398 1218 quum
1418 1168 1503 1206 e06

147 1240 227 1270 nos
247 1223 399 1270 deduci
414 1226 586 1298 jussisti
613 1225 725 1270 unde
753 1229 796 1270 et
823 1225 979 1284 privati
1004 1239 1148 1269 vocem
1175 1224 1345 1269 mittere
1371 1239 1468 1283 pos-

147 1305 303 1335 semus
305 1290 332 1309 ''
394 1289 465 1335 lbi
485 1291 619 1349 primo
646 1305 733 1334 non
751 1293 839 1334 tam
868 1292 1083 1347 perpetuae
1104 1289 1315 1334 orationes
1344 1305 1468 1348 quam
1482 1300 1505 1341 7

145 1353 364 1400 altercatio
394 1354 754 1400 exaudiebantur:
784 1355 916 1399 vincit
946 1354 1096 1399 deinde
1131 1355 1356 1413 strepitum
1387 1370 1471 1399 vox

147 1425 192 1466 et
221 1421 458 1479 indignatio
486 1421 607 1468 Fabii
634 1421 746 1467 senis
771 1422 1027 1480 increpantis
1058 1421 1297 1479 superbiam
1325 1421 1468 1467 crude-

146 1485 394 1544 litatemque
415 1486 599 1544 Papirii:
631 1502 677 1533 se
705 1502 871 1545 quoque
892 1486 1142 1532 dictatorem
1168 1487 1317 1532 Romae
1338 1487 1469 1532 fuisse

146 1565 226 1596 nec
261 1566 287 1595 a
320 1566 366 1596 se
401 1566 654 1610 quemquam
688 1566 742 1596 ne
776 1551 909 1610 plebis
946 1551 1115 1610 quidem
1144 1551 1356 1596 hominem
1385 1567 1471 1597 non

147 1615 438 1661 centurionem
459 1631 545 1660 non
564 1616 740 1666 militem
761 1615 988 1661 violatum:
1019 1616 1236 1674 Papirium
1256 1621 1471 1675 tamquam

148 1695 203 1725 ex
232 1679 422 1726 hostium
452 1679 631 1726 ducibus
661 1680 722 1726 sic
751 1695 806 1725 ex
833 1680 1027 1725 Romano
1057 1681 1309 1737 imperatore
1338 1681 1470 1726 victo-

147 1745 252 1790 riam
285 1749 330 1790 et
358 1745 624 1804 triumphum
653 1748 812 1803 petere.
873 1745 1095 1794 Quantum
1124 1745 1330 1791 interesse
1359 1747 1507 1796 inter8

148 1809 478 1855 moderationem
505 1810 774 1868 antiquorum
801 1812 845 1855 et
871 1825 1024 1855 novam
1054 1809 1292 1868 superbiam
1322 1811 1471 1856 crude-

149 1873 428 1933 litatemque:
460 1874 709 1920 dictatorem
739 1874 990 1923 Quinctium
1018 1874 1316 1920 Cincinnatum
1343 1876 1389 1921 in
1417 1877 1469 1921 L.

150 1938 388 1984 Minucium
404 1939 617 1985 consulem
633 1955 687 1984 ex
707 1938 922 1984 obsidione
942 1954 968 1983 a
987 1955 1031 1984 sc
1048 1945 1238 1998 ereptum
1255 1956 1341 1986 non
1360 1941 1473 1986 ultra

152 2003 325 2048 saevisse
354 2019 480 2062 quam
507 2007 557 2048 ut
588 2003 771 2062 legatum
801 2019 897 2048 eum
928 2003 982 2048 ad
1008 2005 1241 2050 exercitum
1271 2021 1348 2063 pro
1377 2021 1472 2051 con·

152 2067 244 2112 sule
263 2068 544 2127 relinqueret:
573 2068 638 2113 M.
660 2068 838 2112 Furium
859 2067 1082 2113 Camillum
1102 2069 1213 2115 inL.
1234 2069 1376 2125 Furio,
1400 2071 1473 2128 qui

153 2135 398 2192 contempta
423 2148 502 2178 sua
528 2137 748 2178 senectute
775 2139 819 2178 et
844 2133 1098 2178 auctoritate
1123 2133 1352 2180 foedissimo
1377 2151 1473 2182 cum

155 2200 314 2242 eventu
341 2198 591 2256 pugnasset,
611 2212 699 2243 non
725 2197 859 2243 solum
887 2198 932 2242 in
959 2200 1182 2256 praesentia
1209 2201 1473 2247 moderatum

156 2260 232 2310 ine
256 2276 363 2320 esse,
388 2276 444 2314 ne
468 2261 574 2323 quid
599 2261 652 2310 de
678 2262 839 2322 collega
865 2276 987 2310 secus
1013 2264 1170 2324 populo
1201 2269 1276 2312 aut
1308 2267 1473 2315 senatui
