1649 2452
555 91 664 132 LIB.
694 91 819 131 VIII.
849 92 1021 133 25-25.
1371 92 1449 130 515

131 145 176 178 A.
193 146 232 178 c.
248 145 340 187 aa]

130 186 258 232 batur
277 186 493 232 obsidione
514 186 695 231 domitos
722 186 900 231 hostes
887 200 933 230 m
959 183 1083 229 fidem
1111 183 1289 228 venisse.
1350 182 1449 228 Duo
1465 191 1488 229 7

129 251 359 311 singularia
376 251 466 297 haec
486 252 526 297 ei
545 252 636 296 viro
655 252 837 308 primum
864 250 1092 308 contigere,
1115 247 1389 305 prorogatio
1377 263 1450 292 im-

127 318 234 376 perii
253 331 339 362 non
358 321 456 361 ante
477 317 522 360 in
540 319 628 360 ullo
649 317 761 360 facta
781 320 824 360 et
846 318 941 360 acto
960 314 1119 358 honore
1140 312 1393 370 triumphus.

184 381 314 426 Aliud
345 381 523 426 subinde
555 380 710 425 bellum
741 395 836 425 cum
868 379 1041 424 alterius
1071 393 1155 422 orae
1187 377 1344 422 Graecis
1377 392 1445 422 ex·
1461 380 1565 437 (27)

125 448 280 492 ortum.
339 445 536 504 Namque
567 445 786 490 Tarentini
815 459 945 503 quum
979 458 1068 488 rem
1104 440 1447 499 Palaepolitanam
1465 450 1490 486 2

124 525 233 555 vana
252 525 326 567 spe
347 509 491 554 auxilii
506 508 763 568 aliquamdiu
784 508 1098 561 sustinuissent,
1115 510 1340 564 postquam
1360 505 1447 550 Ro-

123 590 270 620 manos
305 574 410 619 urbe
450 575 608 631 potitos
651 588 858 631 accepere,
896 572 1012 617 velut
1047 570 1246 616 destituti
1282 586 1330 615 ac
1365 585 1451 614 non

125 640 197 697 qui
218 638 299 698 ipsi
320 639 627 691 destituissent,
646 638 860 696 increpare
881 635 1216 694 Palaepolitanoe,
1239 634 1302 678 ira
1322 638 1451 692 atque

124 703 284 748 invidia
321 704 366 748 in
403 703 618 748 Romanos
652 703 804 755 furere,
841 716 892 746 eo
932 701 1060 745 etiam
1100 698 1213 756 quod
1253 699 1450 745 Lucanos

124 775 169 813 et
193 768 512 826 Apulos—nam
541 772 722 825 utraque
750 782 800 811 eo
828 781 937 811 anno
959 765 1137 810 societas
1159 769 1296 821 coepta
1325 768 1451 808 est—-

123 832 169 877 in
205 832 330 878 fidem
362 832 508 890 populi
543 831 725 876 Romani
754 831 919 875 venisse
950 829 1136 874 adlatum
1168 833 1264 873 est:
1297 829 1450 886 quippe

123 911 254 955 prope
274 896 446 941 modum
466 900 713 954 perventum
744 894 797 939 ad
818 910 863 939 se
884 909 989 947 esse,
1014 897 1188 951 jamque
1214 892 1260 937 in
1286 908 1336 937 eo
1361 909 1450 937 rem

122 961 214 1005 fore
248 964 300 1006 ut
335 961 519 1006 Romani
549 966 622 1005 aut
654 961 798 1004 hostes
831 963 904 1004 aut
936 958 1092 1003 domini
1123 957 1304 1002 habendi
1334 958 1447 1003 sint:

122 1024 348 1070 discrimen
382 1025 573 1083 profecto
604 1040 744 1069 rerum
776 1039 948 1069 suarum
977 1023 1023 1068 in
1054 1022 1161 1067 bello
1198 1023 1450 1067 Samnitium

122 1094 363 1147 eventuque
399 1090 490 1148 ejus
522 1092 657 1134 verti:
690 1104 783 1134 eam
815 1088 947 1134 solam
977 1091 1148 1145 gentem
1177 1092 1337 1132 restare
1371 1102 1450 1133 nec

122 1169 215 1199 eam
253 1155 386 1213 ipsam
422 1154 526 1199 satis
567 1153 758 1208 validam,
795 1152 962 1212 quando
997 1152 1197 1197 Lucanus
1234 1151 1448 1209 defecerit,

123 1233 251 1277 quem
264 1219 452 1264 revocari
469 1218 606 1264 adhuc
618 1218 858 1276 impellique
875 1217 927 1261 ad
940 1216 1185 1262 abolendam
1202 1217 1450 1261 societatem

124 1284 360 1328 Romanam
393 1299 529 1341 posse,
565 1283 601 1328 si
635 1297 719 1341 qua
754 1297 821 1327 ars
857 1280 1044 1327 serendis
1078 1280 1296 1326 discordiis
1332 1281 1449 1326 adhi-

125 1347 289 1393 beatur.
350 1347 458 1393 Haec
490 1347 664 1392 consilia
697 1363 826 1406 quum
856 1346 970 1404 apud
998 1345 1173 1404 cupidos
1202 1361 1343 1391 rerum
1373 1354 1486 1391 no-3

123 1412 354 1457 vandarum
384 1412 628 1465 valuissent,
651 1427 705 1457 ex
715 1413 954 1485 ’juventute
982 1411 1151 1469 quidam
1178 1410 1448 1456 Lucanorum

125 1477 263 1536 pretio
284 1476 595 1521 adsciti—clari
610 1476 756 1550 magis
763 1476 875 1521 inter
893 1476 1117 1534 populares
1134 1490 1258 1534 quam
1281 1475 1448 1520 honesti

123 1542 294 1586 —inter
329 1556 374 1585 se
405 1540 579 1586 mulcati
607 1541 688 1598 ipsi
717 1541 847 1600 virgis
880 1556 1009 1599 quum
1039 1554 1215 1598 corpora
1245 1539 1357 1584 nuda
1386 1540 1447 1585 in-

121 1605 355 1651 tulissent
343 1621 388 1650 ln
409 1605 563 1650 civium
584 1610 752 1659 coetum,
774 1605 995 1650 vociferati
1021 1609 1121 1649 sunt
1143 1619 1201 1660 se,
1223 1605 1336 1662 quod
1356 1620 1449 1650 cas-

121 1675 191 1716 tra
225 1671 419 1716 Romana
453 1669 619 1729 ingredi
655 1670 747 1715 ausi
782 1673 938 1723 essent,
974 1685 999 1714 a
1038 1669 1280 1714 consulibus
1316 1669 1447 1728 virgis

121 1748 252 1781 caesos
272 1749 320 1780 ao
341 1749 471 1793 prope
493 1734 630 1779 securi
652 1748 872 1792 percussos
893 1749 998 1779 esse.
1059 1732 1274 1779 Deformis
1296 1739 1446 1792 suapte
1459 1740 1486 1776 4

120 1805 274 1845 natura
292 1814 360 1845 res
381 1814 513 1856 quum
534 1799 715 1857 speciem
741 1799 906 1857 injuriae
934 1798 1069 1857 magis
1098 1813 1225 1856 quam
1247 1797 1332 1843 doli
1360 1814 1446 1857 prae

120 1880 167 1910 se
200 1864 346 1917 ferret,
381 1864 582 1909 concitati
617 1862 807 1908 homines
839 1867 999 1922 cogunt
1034 1862 1215 1908 clamore
1250 1877 1329 1908 suo
1360 1879 1446 1908 ma-

119 1929 326 1989 gistratus
342 1933 535 1974 senatum
553 1942 715 1982 vocare,
731 1931 775 1972 et
792 1927 862 1972 alii
882 1928 1205 1973 circumstantes
1221 1927 1445 1973 concilium

120 1994 276 2039 bellum
309 1993 355 2038 in
394 1993 610 2038 Romanos
651 1995 844 2050 poscunt,
881 1991 948 2037 alii
983 1990 1036 2036 ad
1071 1991 1362 2038 concitandam
1398 1993 1445 2037 in

121 2073 236 2103 arma
268 2057 580 2103 multitudinem
618 2056 848 2116 agrestium
882 2056 1138 2110 discurrunt,
1169 2055 1444 2114 tumultuque

120 2123 249 2168 etiam
269 2136 393 2168 sanos
414 2126 712 2167 consternante
737 2121 897 2165 animos
919 2120 1158 2165 decernitur
1183 2124 1234 2165 ut
1262 2120 1442 2166 societas

121 2201 219 2245 cum
262 2187 521 2236 Samnitibus
559 2190 834 2235 renovaretur
875 2185 1089 2249 legatique
1129 2185 1182 2233 ad
1221 2200 1311 2233 eam
1353 2200 1443 2237 rem
