1649 2452
204 106 282 147 572
524 109 569 149 T.
600 109 749 150 L1V11
780 107 1197 150 HISTORIARUM
1317 158 1517 202 [A,c.³o⁹·

82 193 189 256 (29)
262 201 491 260 Profligato
518 203 607 248 fere
632 204 888 249 Samnitium
917 203 1038 258 bello,
1069 204 1311 262 priusquam
1341 217 1392 247 ea
1417 217 1518 247 cura

202 262 421 311 decederet
449 267 639 325 patribus
670 269 885 324 Romanis,
913 269 1085 313 Etrusci
1111 267 1209 313 belli
1234 267 1346 311 fama
1371 269 1517 311 exorta

161 337 184 374 2
201 332 279 373 est.
340 330 434 376 Nec
455 335 545 376 erat
566 347 616 377 ea
634 336 888 391 tempestate
908 348 1011 391 gens
1033 332 1123 386 alia,
1147 332 1266 390 cujus
1287 331 1516 376 secundum

200 392 379 439 Gallicos
401 396 610 441 tumultus
635 412 750 441 arma
769 397 1021 442 terribiliora
1039 400 1180 441 essent
1202 412 1330 454 quum
1351 395 1517 454 propin·

158 468 181 503 3
198 458 358 514 quitate
379 460 467 518 agri
495 464 588 504 tum
613 461 886 506 multitudine
913 461 1141 506 homiuum.
1203 461 1356 518 Itaque
1383 460 1516 505 altero

196 523 366 567 consule
386 524 431 567 in
448 524 616 569 Samnio
635 525 832 584 reliquias
854 525 951 570 belli
970 528 1261 583 persequente,
1276 525 1326 568 P.
1342 524 1514 578 Decius,

195 586 267 644 qui
287 587 470 645 graviter
491 604 602 647 aeger
622 589 770 634 Romae
797 589 1026 642 restiterat,
1050 593 1222 634 auctore
1249 592 1399 633 senatu
1429 588 1515 633 dic-

153 652 177 688 4
193 652 372 696 tatorem
394 651 441 697 C.
464 653 640 698 Jum'um
659 653 899 698 Bubulcum
921 652 1039 698 dixit.
1093 655 1149 706 Is,
1173 656 1300 711 prout
1320 652 1378 697 rei
1400 667 1514 710 mag-

191 714 340 759 nitudo
379 717 633 774 postulabat,
671 732 815 762 omnes
845 717 1034 776 juniores
1070 720 1330 762 sacramento
1365 716 1511 775 adigit,

192 793 306 823 arma
336 795 510 838 quaequc
541 781 621 825 alia
654 797 722 826 res
757 781 892 839 poscit
928 796 1090 825 summa
1123 780 1331 825 industria
1364 783 1511 838 parat:

191 857 268 887 nec
288 844 419 888 tantis
441 845 709 903 apparatibus
737 845 872 890 clatus
901 845 952 890 de
979 845 1196 890 inferendo
1225 844 1334 890 bello
1363 845 1510 903 agitat,

192 906 411 964 quieturus
432 908 545 953 haud
566 909 691 954 dubie
711 909 794 954 nisi
812 909 925 954 ultro
947 925 1062 953 arma
1080 909 1253 954 Etrusci
1279 909 1508 954 inferrent:

191 971 335 1016 eadem
375 973 421 1017 in
454 973 733 1032 comparando
767 974 1082 1032 cohibendoque
1118 973 1225 1018 bello
1259 973 1432 1018 consilia
1464 978 1510 1019 et

150 1043 172 1079 5
191 1036 302 1093 apud
331 1036 536 1083 Etruscos
562 1038 708 1083 fuere:
739 1039 881 1083 neutri
911 1038 1063 1083 finibus
1094 1038 1265 1096 egressi.
1325 1038 1384 1083 Et
1412 1050 1539 1084 een-1

190 1114 289 1144 sura
327 1100 438 1146 clara
472 1117 521 1147 eo
558 1118 666 1147 anno
705 1103 834 1161 Appii
869 1102 1035 1147 Claudii
1070 1106 1113 1147 et
1144 1102 1192 1147 C.
1214 1101 1372 1147 Plautii
1411 1103 1507 1160 fuit,

189 1166 397 1211 memoriae
431 1169 573 1212 tamen
612 1167 808 1212 felicioris
849 1166 902 1211 ad
941 1170 1132 1225 posteros
1172 1182 1326 1211 nomen
1362 1167 1504 1225 Appii,

189 1228 300 1286 quod
333 1230 444 1275 viam
479 1231 659 1276 munivit
695 1236 738 1276 et
774 1247 923 1290 aquam
957 1232 1002 1276 in
1036 1231 1182 1276 urbem
1218 1231 1339 1276 duxit
1374 1247 1506 1291 eaque

187 1308 297 1338 unus
327 1295 516 1352 perfecit,
550 1296 647 1354 quia
677 1296 729 1341 ob
764 1296 961 1340 infamem
999 1299 1124 1354 atque
1159 1295 1405 1340 invidiosam
1440 1312 1505 1342 se-

186 1361 312 1403 natus
347 1358 570 1404 lectionem
605 1360 856 1405 verecundia
889 1360 1027 1405 victus
1060 1360 1220 1419 collega
1253 1360 1504 1419 magistratu

186 1437 231 1466 se
271 1422 560 1469 abdicaverat:
597 1425 761 1483 Appius
798 1426 884 1483 jam
924 1424 1021 1469 inde
1061 1425 1294 1483 antiquitus
1334 1425 1503 1471 insitam

185 1487 455 1543 pertinaciam
490 1488 656 1534 familiae
686 1488 869 1546 gerendo
900 1489 1014 1534 solus
1050 1504 1269 1549 censuram
1303 1489 1500 1535 obtinuit.

184 1549 345 1596 Eodem
365 1553 505 1610 Appio
526 1557 698 1598 auctore
720 1554 881 1607 Potitii,
904 1569 1008 1612 gens
1036 1557 1158 1611 cujus
1179 1553 1232 1598 ad
1252 1569 1367 1599 aram
1386 1570 1501 1600 max-

182 1615 308 1660 imam
349 1617 546 1662 Herculis
588 1618 789 1663 familiare
839 1618 1119 1663 sacerdotium
1165 1620 1317 1674 fuerat,
1357 1635 1500 1665 servos

182 1679 370 1737 publicos
398 1681 619 1727 ministerii
647 1682 865 1741 delegandi
893 1698 1019 1728 causa
1039 1683 1254 1728 sollemnia
1280 1684 1371 1742 ejus
1392 1685 1501 1730 sacri

183 1743 434 1790 docuerant:
467 1746 650 1791 traditur
677 1747 773 1792 inde
801 1747 917 1792 dictu
944 1747 1131 1792 mirabile
1159 1752 1202 1792 et
1230 1748 1342 1806 quod
1369 1748 1500 1794 dimo-

181 1809 324 1854 vendis
354 1814 471 1854 statu
500 1826 576 1855 suo
605 1811 733 1855 sacris
763 1812 1005 1869 religionem
1035 1812 1169 1857 facere
1191 1818 1346 1870 posset,
1369 1829 1498 1871 quum

181 1873 401 1919 duodecim
451 1875 616 1919 familiae
657 1891 704 1920 ca
745 1881 997 1933 tempestate
1038 1877 1292 1921 Potitiorum
1340 1883 1494 1932 essent,

182 1938 364 1995 puberes
405 1939 459 1983 ad
494 1939 683 1997 triginta,
720 1955 862 1984 omnes
898 1941 1009 1984 intra
1044 1956 1197 1985 annum
1233 1957 1328 1986 eum
1364 1942 1495 2000 stirpe

181 2003 426 2056 exstinctos,
449 2019 526 2048 nec
547 2019 700 2048 nomen
725 2008 890 2048 tautum
920 2004 1174 2049 Potitiorum
1203 2005 1397 2050 interisse
1419 2006 1495 2051 scd

179 2081 391 2111 censorem
414 2068 540 2112 etiam
562 2069 747 2126 Appium
775 2069 950 2113 memori
978 2068 1101 2114 desim
1129 2070 1190 2113 ira
1210 2074 1305 2126 post
1334 2069 1493 2129 aliquot

52 2130 159 2184 (80)
179 2145 308 2175 annos
349 2131 576 2177 luminibus
617 2132 832 2199 captum}
862 2132 1014 2191 Itaque
1049 2133 1241 2178 consules
1282 2134 1355 2192 qui
1394 2150 1491 2180 eum

177 2212 331 2242 annum
360 2198 529 2251 sequuti
550 2203 650 2243 sunt
672 2198 720 2243 C.
742 2199 768 2243 J
773 2199 898 2244 unius
918 2198 1137 2244 Bubulcus
1158 2199 1330 2245 tertium
1358 2205 1403 2245 et
1432 2201 1487 2250 Q.

175 2261 371 2309 AEmilius
401 2261 586 2309 Barbula
615 2263 769 2309 iterum
804 2263 926 2309 initio
956 2263 1054 2309 anni
1091 2264 1232 2322 questi
1267 2264 1379 2323 apud
1412 2279 1488 2324 po·
