<?xml version="1.0" encoding="UTF-8"?>
<!DOCTYPE html PUBLIC "-//W3C//DTD XHTML 1.0 Transitional//EN"
    "http://www.w3.org/TR/xhtml1/DTD/xhtml1-transitional.dtd">
<html xmlns="http://www.w3.org/1999/xhtml" xml:lang="en" lang="en">
 <head>
  <title>
</title>
<meta http-equiv="Content-Type" content="text/html;charset=utf-8" />
  <meta name='ocr-system' content='tesseract 3.04.00' />
  <meta name='ocr-capabilities' content='ocr_page ocr_carea ocr_par ocr_line ocrx_word'/>
</head>
<body>
  <div class='ocr_page' id='page_1' title='image "./historiarum00livyuoft_0263.png"; bbox 0 0 1649 2452; ppageno 0'>
   <div class='ocr_carea' id='block_1_1' title="bbox 112 83 1442 178">
    <p class='ocr_par' dir='ltr' id='par_1_1' title="bbox 112 83 1442 178">
     <span class='ocr_line' id='line_1_1' title="bbox 588 83 1442 124; baseline 0.001 -1"><span class='ocrx_word' id='word_1_1' title='bbox 588 83 698 123; x_wconf 90' lang='lat' dir='ltr'>LIB.</span> <span class='ocrx_word' id='word_1_2' title='bbox 729 83 781 124; x_wconf 88' lang='lat' dir='ltr'><strong>X.</strong></span> <span class='ocrx_word' id='word_1_3' title='bbox 814 85 985 124; x_wconf 85' lang='lat'>11—13.</span> <span class='ocrx_word' id='word_1_4' title='bbox 1363 86 1442 124; x_wconf 81' lang='lat'><strong>618</strong></span> 
     </span>
     <span class='ocr_line' id='line_1_2' title="bbox 112 138 335 178; baseline 0 -8"><span class='ocrx_word' id='word_1_5' title='bbox 112 140 156 171; x_wconf 79' lang='lat' dir='ltr'><strong>A.</strong></span> <span class='ocrx_word' id='word_1_6' title='bbox 173 139 209 170; x_wconf 86' lang='lat' dir='ltr'><strong>c.</strong></span> <span class='ocrx_word' id='word_1_7' title='bbox 226 138 335 178; x_wconf 83' lang='lat'><strong>298.]·</strong></span> 
     </span>
    </p>
   </div>
   <div class='ocr_carea' id='block_1_2' title="bbox 107 176 1549 2303">
    <p class='ocr_par' dir='ltr' id='par_1_2' title="bbox 107 176 1480 1140">
     <span class='ocr_line' id='line_1_3' title="bbox 109 176 1441 236; baseline -0.002 -11"><span class='ocrx_word' id='word_1_8' title='bbox 109 185 245 225; x_wconf 86' lang='lat' dir='ltr'><strong>torem</strong></span> <span class='ocrx_word' id='word_1_9' title='bbox 272 181 517 236; x_wconf 84' lang='lat' dir='ltr'><strong>victumque</strong></span> <span class='ocrx_word' id='word_1_10' title='bbox 546 178 746 232; x_wconf 82' lang='lat' dir='ltr'><strong>ostendit,</strong></span> <span class='ocrx_word' id='word_1_11' title='bbox 775 194 873 223; x_wconf 89' lang='lat' dir='ltr'><strong>nam</strong></span> <span class='ocrx_word' id='word_1_12' title='bbox 900 177 1075 223; x_wconf 85' lang='lat' dir='ltr'><strong>Etrusci</strong></span> <span class='ocrx_word' id='word_1_13' title='bbox 1103 176 1271 222; x_wconf 87' lang='lat' dir='ltr'><strong>silentio</strong></span> <span class='ocrx_word' id='word_1_14' title='bbox 1301 178 1441 223; x_wconf 90' lang='lat' dir='ltr'><strong>noctis</strong></span> 
     </span>
     <span class='ocr_line' id='line_1_4' title="bbox 109 241 1477 302; baseline -0.001 -12"><span class='ocrx_word' id='word_1_15' title='bbox 109 249 250 290; x_wconf 83' lang='lat' dir='ltr'><strong>castra</strong></span> <span class='ocrx_word' id='word_1_16' title='bbox 287 243 565 302; x_wconf 89' lang='lat' dir='ltr'><strong>reliquerunt.</strong></span> <span class='ocrx_word' id='word_1_17' title='bbox 627 243 847 288; x_wconf 89' lang='lat' dir='ltr'><strong>Romanus</strong></span> <span class='ocrx_word' id='word_1_18' title='bbox 887 257 1084 301; x_wconf 85' lang='lat' dir='ltr'><strong>egressus</strong></span> <span class='ocrx_word' id='word_1_19' title='bbox 1118 242 1165 286; x_wconf 92' lang='lat' dir='ltr'><strong>in</strong></span> <span class='ocrx_word' id='word_1_20' title='bbox 1199 241 1330 286; x_wconf 86' lang='lat' dir='ltr'>aciem</span> <span class='ocrx_word' id='word_1_21' title='bbox 1364 241 1477 288; x_wconf 88' lang='lat' dir='ltr'><strong>ubi6</strong></span> 
     </span>
     <span class='ocr_line' id='line_1_5' title="bbox 107 305 1442 368; baseline -0.003 -14"><span class='ocrx_word' id='word_1_22' title='bbox 107 308 373 368; x_wconf 77' lang='lat' dir='ltr'>professione</span> <span class='ocrx_word' id='word_1_23' title='bbox 410 307 598 352; x_wconf 89' lang='lat' dir='ltr'><strong>hostium</strong></span> <span class='ocrx_word' id='word_1_24' title='bbox 639 322 884 352; x_wconf 82' lang='lat' dir='ltr'><strong>concessam</strong></span> <span class='ocrx_word' id='word_1_25' title='bbox 923 306 1143 352; x_wconf 84' lang='lat' dir='ltr'><strong>victoriam</strong></span> <span class='ocrx_word' id='word_1_26' title='bbox 1178 305 1306 359; x_wconf 84' lang='lat' dir='ltr'><strong>videt,</strong></span> <span class='ocrx_word' id='word_1_27' title='bbox 1345 321 1442 363; x_wconf 81' lang='lat' dir='ltr'><strong>pro-</strong></span> 
     </span>
     <span class='ocr_line' id='line_1_6' title="bbox 108 371 1441 432; baseline -0.003 -14"><span class='ocrx_word' id='word_1_28' title='bbox 108 388 281 432; x_wconf 83' lang='lat' dir='ltr'><strong>gressus</strong></span> <span class='ocrx_word' id='word_1_29' title='bbox 311 371 366 417; x_wconf 91' lang='lat' dir='ltr'><strong>ad</strong></span> <span class='ocrx_word' id='word_1_30' title='bbox 393 376 533 416; x_wconf 87' lang='lat' dir='ltr'><strong>castra</strong></span> <span class='ocrx_word' id='word_1_31' title='bbox 559 373 702 416; x_wconf 82' lang='lat' dir='ltr'><strong>vacuis</strong></span> <span class='ocrx_word' id='word_1_32' title='bbox 731 387 829 417; x_wconf 91' lang='lat' dir='ltr'><strong>cum</strong></span> <span class='ocrx_word' id='word_1_33' title='bbox 859 371 1039 430; x_wconf 85' lang='lat' dir='ltr'><strong>plurima</strong></span> <span class='ocrx_word' id='word_1_34' title='bbox 1067 371 1366 428; x_wconf 85' lang='lat' dir='ltr'><strong>praeda—nam</strong></span> <span class='ocrx_word' id='word_1_35' title='bbox 1395 373 1441 415; x_wconf 90' lang='lat' dir='ltr'><strong>et</strong></span> 
     </span>
     <span class='ocr_line' id='line_1_7' title="bbox 111 434 1476 495; baseline 0 -13"><span class='ocrx_word' id='word_1_36' title='bbox 111 439 270 482; x_wconf 87' lang='lat' dir='ltr'><strong>stativa</strong></span> <span class='ocrx_word' id='word_1_37' title='bbox 304 441 349 482; x_wconf 89' lang='lat' dir='ltr'><strong>et</strong></span> <span class='ocrx_word' id='word_1_38' title='bbox 382 436 546 495; x_wconf 81' lang='lat' dir='ltr'><strong>trepide</strong></span> <span class='ocrx_word' id='word_1_39' title='bbox 581 436 750 481; x_wconf 88' lang='lat' dir='ltr'><strong>deserta</strong></span> <span class='ocrx_word' id='word_1_40' title='bbox 783 436 1188 494; x_wconf 81' lang='lat' dir='ltr'><strong>fuerant—potitur.</strong></span> <span class='ocrx_word' id='word_1_41' title='bbox 1248 434 1355 480; x_wconf 82' lang='lat' dir='ltr'><strong>Inde</strong></span> <span class='ocrx_word' id='word_1_42' title='bbox 1396 435 1476 483; x_wconf 76' lang='lat' dir='ltr'><strong>in?</strong></span> 
     </span>
     <span class='ocr_line' id='line_1_8' title="bbox 108 499 1442 560; baseline -0.003 -13"><span class='ocrx_word' id='word_1_43' title='bbox 108 501 319 547; x_wconf 83' lang='lat' dir='ltr'><strong>Faliscum</strong></span> <span class='ocrx_word' id='word_1_44' title='bbox 342 517 492 560; x_wconf 87' lang='lat' dir='ltr'><strong>agrum</strong></span> <span class='ocrx_word' id='word_1_45' title='bbox 513 501 644 558; x_wconf 91' lang='lat' dir='ltr'><strong>copiis</strong></span> <span class='ocrx_word' id='word_1_46' title='bbox 665 500 851 545; x_wconf 90' lang='lat' dir='ltr'><strong>reductis</strong></span> <span class='ocrx_word' id='word_1_47' title='bbox 880 517 1012 559; x_wconf 86' lang='lat' dir='ltr'><strong>quum</strong></span> <span class='ocrx_word' id='word_1_48' title='bbox 1035 499 1332 558; x_wconf 87' lang='lat' dir='ltr'><strong>impedimenta</strong></span> <span class='ocrx_word' id='word_1_49' title='bbox 1361 499 1442 544; x_wconf 87' lang='lat' dir='ltr'><strong>Fa·</strong></span> 
     </span>
     <span class='ocr_line' id='line_1_9' title="bbox 107 564 1440 623; baseline -0.002 -12"><span class='ocrx_word' id='word_1_50' title='bbox 107 566 224 611; x_wconf 91' lang='lat' dir='ltr'><strong>leriis</strong></span> <span class='ocrx_word' id='word_1_51' title='bbox 244 582 343 612; x_wconf 90' lang='lat' dir='ltr'><strong>cum</strong></span> <span class='ocrx_word' id='word_1_52' title='bbox 363 565 526 610; x_wconf 90' lang='lat' dir='ltr'><strong>modico</strong></span> <span class='ocrx_word' id='word_1_53' title='bbox 547 565 741 623; x_wconf 83' lang='lat' dir='ltr'><strong>praesidio</strong></span> <span class='ocrx_word' id='word_1_54' title='bbox 768 565 1022 623; x_wconf 81' lang='lat' dir='ltr'><strong>reliquisset,</strong></span> <span class='ocrx_word' id='word_1_55' title='bbox 1047 564 1245 622; x_wconf 85' lang='lat' dir='ltr'><strong>expedito</strong></span> <span class='ocrx_word' id='word_1_56' title='bbox 1274 564 1440 622; x_wconf 85' lang='lat' dir='ltr'><strong>agmine</strong></span> 
     </span>
     <span class='ocr_line' id='line_1_10' title="bbox 108 628 1480 689; baseline -0.002 -14"><span class='ocrx_word' id='word_1_57' title='bbox 108 633 164 675; x_wconf 89' lang='lat' dir='ltr'><strong>ad</strong></span> <span class='ocrx_word' id='word_1_58' title='bbox 194 629 509 689; x_wconf 89' lang='lat' dir='ltr'><strong>depopulandos</strong></span> <span class='ocrx_word' id='word_1_59' title='bbox 545 629 733 674; x_wconf 87' lang='lat' dir='ltr'><strong>hostium</strong></span> <span class='ocrx_word' id='word_1_60' title='bbox 767 629 872 674; x_wconf 88' lang='lat' dir='ltr'><strong>fines</strong></span> <span class='ocrx_word' id='word_1_61' title='bbox 907 629 1077 674; x_wconf 84' lang='lat' dir='ltr'><strong>incedit.</strong></span> <span class='ocrx_word' id='word_1_62' title='bbox 1140 628 1294 673; x_wconf 83' lang='lat' dir='ltr'><strong>Omnia</strong></span> <span class='ocrx_word' id='word_1_63' title='bbox 1328 628 1480 673; x_wconf 88' lang='lat' dir='ltr'><strong>ferr08</strong></span> 
     </span>
     <span class='ocr_line' id='line_1_11' title="bbox 110 693 1442 754; baseline -0.002 -14"><span class='ocrx_word' id='word_1_64' title='bbox 110 695 282 754; x_wconf 87' lang='lat' dir='ltr'><strong>ignique</strong></span> <span class='ocrx_word' id='word_1_65' title='bbox 322 697 558 748; x_wconf 82' lang='lat' dir='ltr'><strong>vastantur,</strong></span> <span class='ocrx_word' id='word_1_66' title='bbox 600 693 752 752; x_wconf 84' lang='lat' dir='ltr'><strong>praedae</strong></span> <span class='ocrx_word' id='word_1_67' title='bbox 791 693 978 752; x_wconf 91' lang='lat' dir='ltr'><strong>undique</strong></span> <span class='ocrx_word' id='word_1_68' title='bbox 1019 697 1148 738; x_wconf 84' lang='lat' dir='ltr'><strong>actae:</strong></span> <span class='ocrx_word' id='word_1_69' title='bbox 1185 708 1264 738; x_wconf 90' lang='lat' dir='ltr'><strong>nec</strong></span> <span class='ocrx_word' id='word_1_70' title='bbox 1305 693 1442 738; x_wconf 91' lang='lat' dir='ltr'><strong>solum</strong></span> 
     </span>
     <span class='ocr_line' id='line_1_12' title="bbox 109 757 1437 816; baseline -0.001 -13"><span class='ocrx_word' id='word_1_71' title='bbox 109 759 233 803; x_wconf 92' lang='lat' dir='ltr'><strong>modo</strong></span> <span class='ocrx_word' id='word_1_72' title='bbox 253 763 424 804; x_wconf 82' lang='lat' dir='ltr'><strong>vastum</strong></span> <span class='ocrx_word' id='word_1_73' title='bbox 443 759 558 804; x_wconf 80' lang='lat' dir='ltr'><strong>hosti</strong></span> <span class='ocrx_word' id='word_1_74' title='bbox 577 759 773 803; x_wconf 81' lang='lat' dir='ltr'><strong>relictum</strong></span> <span class='ocrx_word' id='word_1_75' title='bbox 794 761 869 803; x_wconf 90' lang='lat' dir='ltr'><strong>sed</strong></span> <span class='ocrx_word' id='word_1_76' title='bbox 889 758 1073 803; x_wconf 81' lang='lat' dir='ltr'><strong>castellis</strong></span> <span class='ocrx_word' id='word_1_77' title='bbox 1093 757 1221 803; x_wconf 86' lang='lat' dir='ltr'><strong>etiam</strong></span> <span class='ocrx_word' id='word_1_78' title='bbox 1248 757 1437 816; x_wconf 81' lang='lat' dir='ltr'><strong>vicisque</strong></span> 
     </span>
     <span class='ocr_line' id='line_1_13' title="bbox 109 822 1437 882; baseline -0.001 -14"><span class='ocrx_word' id='word_1_79' title='bbox 109 823 252 868; x_wconf 87' lang='lat' dir='ltr'><strong>illatus</strong></span> <span class='ocrx_word' id='word_1_80' title='bbox 273 825 406 882; x_wconf 88' lang='lat' dir='ltr'><strong>ignis:</strong></span> <span class='ocrx_word' id='word_1_81' title='bbox 439 823 616 868; x_wconf 91' lang='lat' dir='ltr'><strong>urbibus</strong></span> <span class='ocrx_word' id='word_1_82' title='bbox 639 822 934 881; x_wconf 81' lang='lat' dir='ltr'><strong>oppugnandis</strong></span> <span class='ocrx_word' id='word_1_83' title='bbox 954 827 1249 880; x_wconf 87' lang='lat' dir='ltr'><strong>temperatum,</strong></span> <span class='ocrx_word' id='word_1_84' title='bbox 1267 823 1312 867; x_wconf 91' lang='lat' dir='ltr'><strong>in</strong></span> <span class='ocrx_word' id='word_1_85' title='bbox 1332 838 1437 880; x_wconf 88' lang='lat' dir='ltr'><strong>quas</strong></span> 
     </span>
     <span class='ocr_line' id='line_1_14' title="bbox 109 886 1475 945; baseline -0.001 -12"><span class='ocrx_word' id='word_1_86' title='bbox 109 889 238 933; x_wconf 89' lang='lat' dir='ltr'><strong>timor</strong></span> <span class='ocrx_word' id='word_1_87' title='bbox 269 889 476 933; x_wconf 86' lang='lat' dir='ltr'><strong>Etruscos</strong></span> <span class='ocrx_word' id='word_1_88' title='bbox 507 887 920 945; x_wconf 61' lang='lat' dir='ltr'><strong>compulerat—Cn.</strong></span> <span class='ocrx_word' id='word_1_89' title='bbox 943 887 1082 932; x_wconf 86' lang='lat' dir='ltr'><strong>Fulvii</strong></span> <span class='ocrx_word' id='word_1_90' title='bbox 1112 886 1296 932; x_wconf 85' lang='lat' dir='ltr'><strong>consulis</strong></span> <span class='ocrx_word' id='word_1_91' title='bbox 1328 887 1475 932; x_wconf 89' lang='lat' dir='ltr'><strong>clara9</strong></span> 
     </span>
     <span class='ocr_line' id='line_1_15' title="bbox 109 951 1437 1012; baseline 0 -15"><span class='ocrx_word' id='word_1_92' title='bbox 109 968 254 1012; x_wconf 87' lang='lat' dir='ltr'><strong>pugna</strong></span> <span class='ocrx_word' id='word_1_93' title='bbox 273 953 319 997; x_wconf 93' lang='lat' dir='ltr'><strong>in</strong></span> <span class='ocrx_word' id='word_1_94' title='bbox 339 953 509 997; x_wconf 84' lang='lat' dir='ltr'><strong>Samnio</strong></span> <span class='ocrx_word' id='word_1_95' title='bbox 531 951 584 996; x_wconf 91' lang='lat' dir='ltr'><strong>ad</strong></span> <span class='ocrx_word' id='word_1_96' title='bbox 610 952 848 996; x_wconf 84' lang='lat' dir='ltr'><strong>Bovianum</strong></span> <span class='ocrx_word' id='word_1_97' title='bbox 875 951 1201 1010; x_wconf 84' lang='lat' dir='ltr'><strong>haudquaquam</strong></span> <span class='ocrx_word' id='word_1_98' title='bbox 1229 951 1437 1011; x_wconf 83' lang='lat' dir='ltr'><strong>ambiguae</strong></span> 
     </span>
     <span class='ocr_line' id='line_1_16' title="bbox 109 1015 1438 1074; baseline -0.001 -12"><span class='ocrx_word' id='word_1_99' title='bbox 109 1017 297 1062; x_wconf 82' lang='lat' dir='ltr'><strong>victoriae</strong></span> <span class='ocrx_word' id='word_1_100' title='bbox 317 1017 427 1062; x_wconf 86' lang='lat' dir='ltr'><strong>fuit:</strong></span> <span class='ocrx_word' id='word_1_101' title='bbox 458 1017 698 1061; x_wconf 88' lang='lat' dir='ltr'><strong>Bovianum</strong></span> <span class='ocrx_word' id='word_1_102' title='bbox 724 1017 822 1062; x_wconf 91' lang='lat' dir='ltr'><strong>inde</strong></span> <span class='ocrx_word' id='word_1_103' title='bbox 851 1015 1078 1074; x_wconf 86' lang='lat' dir='ltr'><strong>adgressus</strong></span> <span class='ocrx_word' id='word_1_104' title='bbox 1105 1031 1184 1061; x_wconf 88' lang='lat' dir='ltr'><strong>nec</strong></span> <span class='ocrx_word' id='word_1_105' title='bbox 1214 1016 1277 1061; x_wconf 85' lang='lat' dir='ltr'><strong>ita</strong></span> <span class='ocrx_word' id='word_1_106' title='bbox 1301 1017 1438 1061; x_wconf 91' lang='lat' dir='ltr'><strong>multo</strong></span> 
     </span>
     <span class='ocr_line' id='line_1_17' title="bbox 110 1081 687 1140; baseline -0.003 -14"><span class='ocrx_word' id='word_1_107' title='bbox 110 1085 208 1140; x_wconf 91' lang='lat' dir='ltr'><strong>post</strong></span> <span class='ocrx_word' id='word_1_108' title='bbox 227 1081 480 1127; x_wconf 86' lang='lat' dir='ltr'><strong>Aufidenam</strong></span> <span class='ocrx_word' id='word_1_109' title='bbox 500 1082 543 1126; x_wconf 86' lang='lat' dir='ltr'><strong>vi</strong></span> <span class='ocrx_word' id='word_1_110' title='bbox 563 1081 687 1140; x_wconf 88' lang='lat' dir='ltr'><strong>cepit.</strong></span> 
     </span>
    </p>

    <p class='ocr_par' dir='ltr' id='par_1_3' title="bbox 109 1144 1549 2303">
     <span class='ocr_line' id='line_1_18' title="bbox 167 1144 1549 1205; baseline 0.001 -15"><span class='ocrx_word' id='word_1_111' title='bbox 167 1146 330 1191; x_wconf 86' lang='lat' dir='ltr'><strong>Eodem</strong></span> <span class='ocrx_word' id='word_1_112' title='bbox 365 1161 476 1190; x_wconf 91' lang='lat' dir='ltr'><strong>anno</strong></span> <span class='ocrx_word' id='word_1_113' title='bbox 513 1145 734 1191; x_wconf 89' lang='lat' dir='ltr'><strong>Carseolos</strong></span> <span class='ocrx_word' id='word_1_114' title='bbox 770 1145 934 1191; x_wconf 88' lang='lat' dir='ltr'><strong>colonia</strong></span> <span class='ocrx_word' id='word_1_115' title='bbox 967 1145 1013 1190; x_wconf 94' lang='lat' dir='ltr'><strong>in</strong></span> <span class='ocrx_word' id='word_1_116' title='bbox 1048 1160 1197 1204; x_wconf 82' lang='lat' dir='ltr'><strong>agrum</strong></span> <span class='ocrx_word' id='word_1_117' title='bbox 1236 1144 1549 1205; x_wconf 82' lang='lat' dir='ltr'><strong>AEqujcu·(l3)</strong></span> 
     </span>
     <span class='ocr_line' id='line_1_19' title="bbox 109 1209 1477 1256; baseline -0.001 -1"><span class='ocrx_word' id='word_1_118' title='bbox 109 1210 245 1256; x_wconf 90' lang='lat' dir='ltr'><strong>lorum</strong></span> <span class='ocrx_word' id='word_1_119' title='bbox 276 1210 471 1256; x_wconf 87' lang='lat' dir='ltr'><strong>deducta.</strong></span> <span class='ocrx_word' id='word_1_120' title='bbox 533 1210 710 1255; x_wconf 73' lang='lat' dir='ltr'><strong>Fulvius</strong></span> <span class='ocrx_word' id='word_1_121' title='bbox 738 1210 887 1255; x_wconf 90' lang='lat' dir='ltr'><strong>consul</strong></span> <span class='ocrx_word' id='word_1_122' title='bbox 913 1209 966 1255; x_wconf 90' lang='lat' dir='ltr'><strong>de</strong></span> <span class='ocrx_word' id='word_1_123' title='bbox 998 1210 1258 1255; x_wconf 87' lang='lat' dir='ltr'><strong>Samnitibus</strong></span> <span class='ocrx_word' id='word_1_124' title='bbox 1289 1211 1477 1256; x_wconf 90' lang='lat' dir='ltr'><strong>trium-2</strong></span> 
     </span>
     <span class='ocr_line' id='line_1_20' title="bbox 109 1275 1442 1334; baseline 0 -14"><span class='ocrx_word' id='word_1_125' title='bbox 109 1276 272 1334; x_wconf 86' lang='lat' dir='ltr'><strong>phavit.</strong></span> <span class='ocrx_word' id='word_1_126' title='bbox 304 1277 446 1329; x_wconf 84' lang='lat' dir='ltr'><strong>Quum</strong></span> <span class='ocrx_word' id='word_1_127' title='bbox 468 1275 640 1320; x_wconf 90' lang='lat' dir='ltr'><strong>comitia</strong></span> <span class='ocrx_word' id='word_1_128' title='bbox 661 1275 897 1321; x_wconf 87' lang='lat' dir='ltr'><strong>consularia</strong></span> <span class='ocrx_word' id='word_1_129' title='bbox 916 1276 1138 1329; x_wconf 79' lang='lat' dir='ltr'><strong>instarent,</strong></span> <span class='ocrx_word' id='word_1_130' title='bbox 1160 1276 1273 1320; x_wconf 89' lang='lat' dir='ltr'><strong>fama</strong></span> <span class='ocrx_word' id='word_1_131' title='bbox 1292 1279 1442 1321; x_wconf 80' lang='lat' dir='ltr'><strong>exorta</strong></span> 
     </span>
     <span class='ocr_line' id='line_1_21' title="bbox 109 1341 1439 1400; baseline 0 -14"><span class='ocrx_word' id='word_1_132' title='bbox 109 1341 315 1386; x_wconf 87' lang='lat' dir='ltr'><strong>Etruscos</strong></span> <span class='ocrx_word' id='word_1_133' title='bbox 349 1341 643 1400; x_wconf 84' lang='lat' dir='ltr'><strong>Samnitesque</strong></span> <span class='ocrx_word' id='word_1_134' title='bbox 673 1342 869 1400; x_wconf 86' lang='lat' dir='ltr'><strong>ingentes</strong></span> <span class='ocrx_word' id='word_1_135' title='bbox 905 1341 1167 1386; x_wconf 85' lang='lat' dir='ltr'><strong>conscribere</strong></span> <span class='ocrx_word' id='word_1_136' title='bbox 1198 1342 1439 1387; x_wconf 81' lang='lat' dir='ltr'><strong>exercitus:</strong></span> 
     </span>
     <span class='ocr_line' id='line_1_22' title="bbox 109 1405 1438 1464; baseline 0.001 -14"><span class='ocrx_word' id='word_1_137' title='bbox 109 1406 247 1464; x_wconf 85' lang='lat' dir='ltr'><strong>palam</strong></span> <span class='ocrx_word' id='word_1_138' title='bbox 283 1405 477 1450; x_wconf 90' lang='lat' dir='ltr'><strong>omnibus</strong></span> <span class='ocrx_word' id='word_1_139' title='bbox 513 1406 699 1450; x_wconf 90' lang='lat' dir='ltr'><strong>conciliis</strong></span> <span class='ocrx_word' id='word_1_140' title='bbox 729 1406 874 1451; x_wconf 83' lang='lat' dir='ltr'><strong>vexari</strong></span> <span class='ocrx_word' id='word_1_141' title='bbox 902 1406 1114 1464; x_wconf 89' lang='lat' dir='ltr'><strong>principes</strong></span> <span class='ocrx_word' id='word_1_142' title='bbox 1145 1406 1438 1459; x_wconf 87' lang='lat' dir='ltr'><strong>Etruscorum,</strong></span> 
     </span>
     <span class='ocr_line' id='line_1_23' title="bbox 112 1469 1442 1529; baseline 0 -15"><span class='ocrx_word' id='word_1_143' title='bbox 112 1469 226 1528; x_wconf 90' lang='lat' dir='ltr'><strong>quod</strong></span> <span class='ocrx_word' id='word_1_144' title='bbox 259 1485 344 1514; x_wconf 92' lang='lat' dir='ltr'><strong>non</strong></span> <span class='ocrx_word' id='word_1_145' title='bbox 381 1470 524 1514; x_wconf 91' lang='lat' dir='ltr'><strong>Gallos</strong></span> <span class='ocrx_word' id='word_1_146' title='bbox 561 1486 823 1529; x_wconf 90' lang='lat' dir='ltr'><strong>quacumque</strong></span> <span class='ocrx_word' id='word_1_147' title='bbox 863 1471 1104 1516; x_wconf 87' lang='lat' dir='ltr'><strong>conditione</strong></span> <span class='ocrx_word' id='word_1_148' title='bbox 1143 1471 1351 1516; x_wconf 77' lang='lat' dir='ltr'><strong>traxerint</strong></span> <span class='ocrx_word' id='word_1_149' title='bbox 1387 1470 1442 1514; x_wconf 93' lang='lat' dir='ltr'><strong>ad</strong></span> 
     </span>
     <span class='ocr_line' id='line_1_24' title="bbox 111 1534 1442 1593; baseline 0.002 -15"><span class='ocrx_word' id='word_1_150' title='bbox 111 1534 295 1579; x_wconf 90' lang='lat' dir='ltr'><strong>bellum:</strong></span> <span class='ocrx_word' id='word_1_151' title='bbox 327 1535 543 1593; x_wconf 89' lang='lat' dir='ltr'><strong>increpare</strong></span> <span class='ocrx_word' id='word_1_152' title='bbox 574 1536 850 1593; x_wconf 85' lang='lat' dir='ltr'><strong>magistratus</strong></span> <span class='ocrx_word' id='word_1_153' title='bbox 883 1535 1148 1587; x_wconf 84' lang='lat' dir='ltr'><strong>Samnitium,</strong></span> <span class='ocrx_word' id='word_1_154' title='bbox 1180 1535 1293 1593; x_wconf 92' lang='lat' dir='ltr'><strong>quod</strong></span> <span class='ocrx_word' id='word_1_155' title='bbox 1322 1551 1442 1580; x_wconf 81' lang='lat' dir='ltr'><strong>excr-</strong></span> 
     </span>
     <span class='ocr_line' id='line_1_25' title="bbox 112 1598 1440 1658; baseline 0.002 -15"><span class='ocrx_word' id='word_1_156' title='bbox 112 1599 244 1644; x_wconf 89' lang='lat' dir='ltr'><strong>citum</strong></span> <span class='ocrx_word' id='word_1_157' title='bbox 266 1598 466 1644; x_wconf 84' lang='lat' dir='ltr'><strong>adversus</strong></span> <span class='ocrx_word' id='word_1_158' title='bbox 487 1599 707 1644; x_wconf 87' lang='lat' dir='ltr'><strong>Lucanum</strong></span> <span class='ocrx_word' id='word_1_159' title='bbox 724 1600 891 1644; x_wconf 86' lang='lat' dir='ltr'><strong>hostem</strong></span> <span class='ocrx_word' id='word_1_160' title='bbox 906 1604 1194 1657; x_wconf 87' lang='lat' dir='ltr'><strong>comparatum</strong></span> <span class='ocrx_word' id='word_1_161' title='bbox 1209 1600 1440 1658; x_wconf 82' lang='lat' dir='ltr'><strong>objecerint</strong></span> 
     </span>
     <span class='ocr_line' id='line_1_26' title="bbox 112 1663 1441 1723; baseline 0.002 -15"><span class='ocrx_word' id='word_1_162' title='bbox 112 1663 342 1708; x_wconf 89' lang='lat' dir='ltr'><strong>Romanis:</strong></span> <span class='ocrx_word' id='word_1_163' title='bbox 375 1664 519 1721; x_wconf 90' lang='lat' dir='ltr'><strong>itaque</strong></span> <span class='ocrx_word' id='word_1_164' title='bbox 551 1665 638 1708; x_wconf 87' lang='lat' dir='ltr'><strong>suis</strong></span> <span class='ocrx_word' id='word_1_165' title='bbox 670 1664 963 1723; x_wconf 90' lang='lat' dir='ltr'><strong>sociorumque</strong></span> <span class='ocrx_word' id='word_1_166' title='bbox 993 1664 1153 1710; x_wconf 86' lang='lat' dir='ltr'><strong>viribus</strong></span> <span class='ocrx_word' id='word_1_167' title='bbox 1186 1679 1441 1723; x_wconf 83' lang='lat' dir='ltr'><strong>consurgere</strong></span> 
     </span>
     <span class='ocr_line' id='line_1_27' title="bbox 111 1727 1441 1788; baseline 0.002 -16"><span class='ocrx_word' id='word_1_168' title='bbox 111 1728 256 1773; x_wconf 89' lang='lat' dir='ltr'><strong>hostes</strong></span> <span class='ocrx_word' id='word_1_169' title='bbox 293 1729 346 1772; x_wconf 92' lang='lat' dir='ltr'><strong>ad</strong></span> <span class='ocrx_word' id='word_1_170' title='bbox 381 1727 539 1772; x_wconf 84' lang='lat' dir='ltr'><strong>bellum</strong></span> <span class='ocrx_word' id='word_1_171' title='bbox 570 1733 614 1773; x_wconf 86' lang='lat' dir='ltr'><strong>et</strong></span> <span class='ocrx_word' id='word_1_172' title='bbox 649 1728 973 1787; x_wconf 88' lang='lat' dir='ltr'><strong>haudquaquam</strong></span> <span class='ocrx_word' id='word_1_173' title='bbox 1004 1729 1096 1786; x_wconf 86' lang='lat' dir='ltr'><strong>pari</strong></span> <span class='ocrx_word' id='word_1_174' title='bbox 1125 1728 1441 1788; x_wconf 87' lang='lat' dir='ltr'><strong>defungendum</strong></span> 
     </span>
     <span class='ocr_line' id='line_1_28' title="bbox 112 1793 1477 1851; baseline 0 -13"><span class='ocrx_word' id='word_1_175' title='bbox 112 1808 205 1838; x_wconf 90' lang='lat' dir='ltr'><strong>esse</strong></span> <span class='ocrx_word' id='word_1_176' title='bbox 226 1793 471 1837; x_wconf 85' lang='lat' dir='ltr'><strong>certamine.</strong></span> <span class='ocrx_word' id='word_1_177' title='bbox 533 1793 620 1837; x_wconf 87' lang='lat' dir='ltr'><strong>Hic</strong></span> <span class='ocrx_word' id='word_1_178' title='bbox 640 1797 790 1848; x_wconf 83' lang='lat' dir='ltr'><strong>terror,</strong></span> <span class='ocrx_word' id='word_1_179' title='bbox 812 1809 942 1851; x_wconf 88' lang='lat' dir='ltr'><strong>quum</strong></span> <span class='ocrx_word' id='word_1_180' title='bbox 969 1793 1156 1838; x_wconf 88' lang='lat' dir='ltr'><strong>illustres</strong></span> <span class='ocrx_word' id='word_1_181' title='bbox 1182 1794 1262 1838; x_wconf 82' lang='lat' dir='ltr'><strong>viri</strong></span> <span class='ocrx_word' id='word_1_182' title='bbox 1292 1805 1477 1843; x_wconf 85' lang='lat' dir='ltr'><strong>consu-3</strong></span> 
     </span>
     <span class='ocr_line' id='line_1_29' title="bbox 111 1856 1441 1933; baseline 0.001 -32"><span class='ocrx_word' id='word_1_183' title='bbox 111 1856 247 1901; x_wconf 85' lang='lat' dir='ltr'><strong>latum</strong></span> <span class='ocrx_word' id='word_1_184' title='bbox 274 1860 482 1933; x_wconf 48' lang='lat' dir='ltr'><strong>peterent,</strong></span> <span class='ocrx_word' id='word_1_185' title='bbox 503 1872 649 1902; x_wconf 90' lang='lat' dir='ltr'><strong>omnes</strong></span> <span class='ocrx_word' id='word_1_186' title='bbox 678 1857 724 1902; x_wconf 91' lang='lat' dir='ltr'><strong>in</strong></span> <span class='ocrx_word' id='word_1_187' title='bbox 754 1858 809 1906; x_wconf 80' lang='lat' dir='ltr'><strong>Q.</strong></span> <span class='ocrx_word' id='word_1_188' title='bbox 834 1857 1011 1902; x_wconf 86' lang='lat' dir='ltr'><strong>Fabium</strong></span> <span class='ocrx_word' id='word_1_189' title='bbox 1039 1857 1277 1902; x_wconf 84' lang='lat' dir='ltr'><strong>Maximum</strong></span> <span class='ocrx_word' id='word_1_190' title='bbox 1304 1858 1441 1916; x_wconf 90' lang='lat' dir='ltr'><strong>primo</strong></span> 
     </span>
     <span class='ocr_line' id='line_1_30' title="bbox 112 1921 1443 1979; baseline 0.002 -14"><span class='ocrx_word' id='word_1_191' title='bbox 112 1937 200 1966; x_wconf 91' lang='lat' dir='ltr'><strong>non</strong></span> <span class='ocrx_word' id='word_1_192' title='bbox 228 1926 445 1979; x_wconf 87' lang='lat' dir='ltr'><strong>petentem</strong></span> <span class='ocrx_word' id='word_1_193' title='bbox 476 1921 639 1975; x_wconf 87' lang='lat' dir='ltr'><strong>deinde,</strong></span> <span class='ocrx_word' id='word_1_194' title='bbox 671 1926 723 1966; x_wconf 91' lang='lat' dir='ltr'><strong>ut</strong></span> <span class='ocrx_word' id='word_1_195' title='bbox 752 1921 955 1967; x_wconf 86' lang='lat' dir='ltr'><strong>inclinata</strong></span> <span class='ocrx_word' id='word_1_196' title='bbox 989 1922 1132 1967; x_wconf 88' lang='lat' dir='ltr'><strong>studia</strong></span> <span class='ocrx_word' id='word_1_197' title='bbox 1160 1922 1281 1976; x_wconf 85' lang='lat' dir='ltr'><strong>vidit,</strong></span> <span class='ocrx_word' id='word_1_198' title='bbox 1312 1923 1443 1968; x_wconf 88' lang='lat' dir='ltr'><strong>etiam</strong></span> 
     </span>
     <span class='ocr_line' id='line_1_31' title="bbox 113 1975 1443 2046; baseline 0.002 -16"><span class='ocrx_word' id='word_1_199' title='bbox 113 1975 379 2031; x_wconf 65' lang='lat' dir='ltr'><strong>recusantem</strong></span> <span class='ocrx_word' id='word_1_200' title='bbox 408 1987 643 2030; x_wconf 85' lang='lat' dir='ltr'><strong>convertit:</strong></span> <span class='ocrx_word' id='word_1_201' title='bbox 677 1986 780 2045; x_wconf 84' lang='lat' dir='ltr'><strong>quid</strong></span> <span class='ocrx_word' id='word_1_202' title='bbox 810 2002 856 2032; x_wconf 90' lang='lat' dir='ltr'><strong>se</strong></span> <span class='ocrx_word' id='word_1_203' title='bbox 878 1987 966 2045; x_wconf 89' lang='lat' dir='ltr'><strong>jam</strong></span> <span class='ocrx_word' id='word_1_204' title='bbox 997 2003 1141 2032; x_wconf 91' lang='lat' dir='ltr'><strong>senem</strong></span> <span class='ocrx_word' id='word_1_205' title='bbox 1170 2003 1218 2032; x_wconf 91' lang='lat' dir='ltr'><strong>ac</strong></span> <span class='ocrx_word' id='word_1_206' title='bbox 1245 1987 1443 2046; x_wconf 87' lang='lat' dir='ltr'><strong>perfunc-</strong></span> 
     </span>
     <span class='ocr_line' id='line_1_32' title="bbox 114 2050 1442 2109; baseline 0.002 -14"><span class='ocrx_word' id='word_1_207' title='bbox 114 2054 207 2096; x_wconf 84' lang='lat' dir='ltr'><strong>tum</strong></span> <span class='ocrx_word' id='word_1_208' title='bbox 241 2050 455 2095; x_wconf 89' lang='lat' dir='ltr'><strong>laboribus</strong></span> <span class='ocrx_word' id='word_1_209' title='bbox 491 2050 764 2109; x_wconf 89' lang='lat' dir='ltr'><strong>laborumque</strong></span> <span class='ocrx_word' id='word_1_210' title='bbox 799 2052 982 2108; x_wconf 87' lang='lat' dir='ltr'><strong>praemiis</strong></span> <span class='ocrx_word' id='word_1_211' title='bbox 1014 2051 1321 2097; x_wconf 85' lang='lat' dir='ltr'><strong>sollicitarent?</strong></span> <span class='ocrx_word' id='word_1_212' title='bbox 1361 2067 1442 2097; x_wconf 85' lang='lat' dir='ltr'><strong>nec</strong></span> 
     </span>
     <span class='ocr_line' id='line_1_33' title="bbox 115 2115 1441 2173; baseline 0.002 -14"><span class='ocrx_word' id='word_1_213' title='bbox 115 2116 301 2173; x_wconf 89' lang='lat' dir='ltr'><strong>corporis</strong></span> <span class='ocrx_word' id='word_1_214' title='bbox 331 2130 409 2160; x_wconf 89' lang='lat' dir='ltr'><strong>nec</strong></span> <span class='ocrx_word' id='word_1_215' title='bbox 440 2115 568 2159; x_wconf 90' lang='lat' dir='ltr'><strong>animi</strong></span> <span class='ocrx_word' id='word_1_216' title='bbox 598 2115 787 2173; x_wconf 82' lang='lat' dir='ltr'><strong>vigorem</strong></span> <span class='ocrx_word' id='word_1_217' title='bbox 817 2131 1033 2161; x_wconf 88' lang='lat' dir='ltr'><strong>remanere</strong></span> <span class='ocrx_word' id='word_1_218' title='bbox 1063 2116 1255 2170; x_wconf 88' lang='lat' dir='ltr'><strong>eundem,</strong></span> <span class='ocrx_word' id='word_1_219' title='bbox 1283 2120 1328 2162; x_wconf 89' lang='lat' dir='ltr'><strong>et</strong></span> <span class='ocrx_word' id='word_1_220' title='bbox 1354 2117 1441 2161; x_wconf 88' lang='lat' dir='ltr'><strong>for-</strong></span> 
     </span>
     <span class='ocr_line' id='line_1_34' title="bbox 114 2179 1442 2238; baseline 0.002 -15"><span class='ocrx_word' id='word_1_221' title='bbox 114 2183 261 2224; x_wconf 88' lang='lat' dir='ltr'><strong>tunam</strong></span> <span class='ocrx_word' id='word_1_222' title='bbox 282 2182 416 2237; x_wconf 87' lang='lat' dir='ltr'><strong>ipsam</strong></span> <span class='ocrx_word' id='word_1_223' title='bbox 437 2179 587 2233; x_wconf 83' lang='lat' dir='ltr'><strong>vereri,</strong></span> <span class='ocrx_word' id='word_1_224' title='bbox 609 2195 663 2224; x_wconf 92' lang='lat' dir='ltr'><strong>ne</strong></span> <span class='ocrx_word' id='word_1_225' title='bbox 689 2180 761 2225; x_wconf 82' lang='lat' dir='ltr'><strong>cui</strong></span> <span class='ocrx_word' id='word_1_226' title='bbox 788 2179 963 2224; x_wconf 88' lang='lat' dir='ltr'><strong>deorum</strong></span> <span class='ocrx_word' id='word_1_227' title='bbox 989 2181 1119 2226; x_wconf 87' lang='lat' dir='ltr'><strong>nimia</strong></span> <span class='ocrx_word' id='word_1_228' title='bbox 1132 2183 1224 2238; x_wconf 91' lang='lat' dir='ltr'><strong>jam</strong></span> <span class='ocrx_word' id='word_1_229' title='bbox 1249 2181 1295 2226; x_wconf 91' lang='lat' dir='ltr'><strong>in</strong></span> <span class='ocrx_word' id='word_1_230' title='bbox 1320 2197 1369 2226; x_wconf 88' lang='lat' dir='ltr'><strong>se</strong></span> <span class='ocrx_word' id='word_1_231' title='bbox 1395 2184 1442 2226; x_wconf 83' lang='lat' dir='ltr'><strong>et</strong></span> 
     </span>
     <span class='ocr_line' id='line_1_35' title="bbox 115 2243 1441 2303; baseline 0.003 -14"><span class='ocrx_word' id='word_1_232' title='bbox 115 2243 391 2299; x_wconf 85' lang='lat' dir='ltr'><strong>constantior,</strong></span> <span class='ocrx_word' id='word_1_233' title='bbox 422 2259 549 2303; x_wconf 85' lang='lat' dir='ltr'><strong>quam</strong></span> <span class='ocrx_word' id='word_1_234' title='bbox 578 2244 711 2291; x_wconf 85' lang='lat' dir='ltr'><strong>velint</strong></span> <span class='ocrx_word' id='word_1_235' title='bbox 739 2244 933 2291; x_wconf 79' lang='lat' dir='ltr'><strong>humanae</strong></span> <span class='ocrx_word' id='word_1_236' title='bbox 961 2260 1044 2301; x_wconf 84' lang='lat' dir='ltr'><strong>res,</strong></span> <span class='ocrx_word' id='word_1_237' title='bbox 1071 2245 1290 2293; x_wconf 83' lang='lat' dir='ltr'><strong>videatur:</strong></span> <span class='ocrx_word' id='word_1_238' title='bbox 1319 2251 1366 2293; x_wconf 84' lang='lat' dir='ltr'><strong>et</strong></span> <span class='ocrx_word' id='word_1_239' title='bbox 1394 2260 1441 2292; x_wconf 84' lang='lat' dir='ltr'><strong>se</strong></span> 
     </span>
    </p>
   </div>
  </div>
 </body>
</html>
