<?xml version="1.0" encoding="UTF-8"?>
<!DOCTYPE html PUBLIC "-//W3C//DTD XHTML 1.0 Transitional//EN"
    "http://www.w3.org/TR/xhtml1/DTD/xhtml1-transitional.dtd">
<html xmlns="http://www.w3.org/1999/xhtml" xml:lang="en" lang="en">
 <head>
  <title>
</title>
<meta http-equiv="Content-Type" content="text/html;charset=utf-8" />
  <meta name='ocr-system' content='tesseract 3.04.00' />
  <meta name='ocr-capabilities' content='ocr_page ocr_carea ocr_par ocr_line ocrx_word'/>
</head>
<body>
  <div class='ocr_page' id='page_1' title='image "./historiarum00livyuoft_0247.png"; bbox 0 0 1649 2452; ppageno 0'>
   <div class='ocr_carea' id='block_1_1' title="bbox 129 107 1451 264">
    <p class='ocr_par' dir='ltr' id='par_1_1' title="bbox 129 107 1451 264">
     <span class='ocr_line' id='line_1_1' title="bbox 580 107 1450 158; baseline 0.003 -10"><span class='ocrx_word' id='word_1_1' title='bbox 580 107 693 149; x_wconf 89' lang='lat' dir='ltr'><strong>LIB.</strong></span> <span class='ocrx_word' id='word_1_2' title='bbox 725 107 802 148; x_wconf 87' lang='lat' dir='ltr'>IX.</span> <span class='ocrx_word' id='word_1_3' title='bbox 823 111 888 158; x_wconf 81' lang='lat'>45,</span> <span class='ocrx_word' id='word_1_4' title='bbox 912 113 977 152; x_wconf 81' lang='lat'>46.</span> <span class='ocrx_word' id='word_1_5' title='bbox 1372 110 1450 151; x_wconf 82' lang='lat'>597</span> 
     </span>
     <span class='ocr_line' id='line_1_2' title="bbox 129 162 1451 264; baseline 0 -14"><span class='ocrx_word' id='word_1_6' title='bbox 129 162 379 264; x_wconf 47' lang='lat' dir='ltr'>gugigssim</span> <span class='ocrx_word' id='word_1_7' title='bbox 408 206 618 262; x_wconf 87' lang='lat' dir='ltr'>vertisset,</span> <span class='ocrx_word' id='word_1_8' title='bbox 648 206 803 260; x_wconf 87' lang='lat' dir='ltr'>audita,</span> <span class='ocrx_word' id='word_1_9' title='bbox 835 208 886 251; x_wconf 89' lang='lat' dir='ltr'>ut</span> <span class='ocrx_word' id='word_1_10' title='bbox 915 204 1050 263; x_wconf 88' lang='lat' dir='ltr'>prima</span> <span class='ocrx_word' id='word_1_11' title='bbox 1076 204 1219 262; x_wconf 76' lang='lat' dir='ltr'>vigilia</span> <span class='ocrx_word' id='word_1_12' title='bbox 1246 203 1399 250; x_wconf 85' lang='lat' dir='ltr'>diversi</span> <span class='ocrx_word' id='word_1_13' title='bbox 1427 221 1451 250; x_wconf 91' lang='lat' dir='ltr'>e</span> 
     </span>
    </p>
   </div>
   <div class='ocr_carea' id='block_1_2' title="bbox 112 269 1554 2335">
    <p class='ocr_par' dir='ltr' id='par_1_2' title="bbox 116 269 1486 1555">
     <span class='ocr_line' id='line_1_3' title="bbox 127 269 1448 329; baseline 0 -14"><span class='ocrx_word' id='word_1_14' title='bbox 127 271 277 315; x_wconf 85' lang='lat' dir='ltr'>castris</span> <span class='ocrx_word' id='word_1_15' title='bbox 318 270 371 315; x_wconf 90' lang='lat' dir='ltr'>ad</span> <span class='ocrx_word' id='word_1_16' title='bbox 403 269 662 329; x_wconf 86' lang='lat' dir='ltr'>deportanda</span> <span class='ocrx_word' id='word_1_17' title='bbox 694 271 834 316; x_wconf 85' lang='lat' dir='ltr'>onmia</span> <span class='ocrx_word' id='word_1_18' title='bbox 867 269 1131 328; x_wconf 82' lang='lat' dir='ltr'>tuendasque</span> <span class='ocrx_word' id='word_1_19' title='bbox 1167 269 1371 314; x_wconf 76' lang='lat' dir='ltr'>moenibus</span> <span class='ocrx_word' id='word_1_20' title='bbox 1406 270 1448 315; x_wconf 88' lang='lat' dir='ltr'>in</span> 
     </span>
     <span class='ocr_line' id='line_1_4' title="bbox 126 334 1450 390; baseline -0.001 -11"><span class='ocrx_word' id='word_1_21' title='bbox 126 335 253 379; x_wconf 90' lang='lat' dir='ltr'>urbes</span> <span class='ocrx_word' id='word_1_22' title='bbox 284 334 460 390; x_wconf 89' lang='lat' dir='ltr'>abirent,</span> <span class='ocrx_word' id='word_1_23' title='bbox 494 336 636 380; x_wconf 87' lang='lat' dir='ltr'>cuncti</span> <span class='ocrx_word' id='word_1_24' title='bbox 666 351 758 380; x_wconf 84' lang='lat' dir='ltr'>eam</span> <span class='ocrx_word' id='word_1_25' title='bbox 789 336 1039 380; x_wconf 81' lang='lat' dir='ltr'>sententiam</span> <span class='ocrx_word' id='word_1_26' title='bbox 1072 334 1234 390; x_wconf 83' lang='lat' dir='ltr'>ingenti</span> <span class='ocrx_word' id='word_1_27' title='bbox 1270 334 1450 378; x_wconf 85' lang='lat' dir='ltr'>adsensu</span> 
     </span>
     <span class='ocr_line' id='line_1_5' title="bbox 126 397 1486 458; baseline 0.001 -14"><span class='ocrx_word' id='word_1_28' title='bbox 126 414 335 458; x_wconf 89' lang='lat' dir='ltr'>accepere.</span> <span class='ocrx_word' id='word_1_29' title='bbox 394 399 554 444; x_wconf 85' lang='lat' dir='ltr'>Palatis</span> <span class='ocrx_word' id='word_1_30' title='bbox 587 400 780 445; x_wconf 84' lang='lat' dir='ltr'>hostibus</span> <span class='ocrx_word' id='word_1_31' title='bbox 817 415 891 458; x_wconf 88' lang='lat' dir='ltr'>per</span> <span class='ocrx_word' id='word_1_32' title='bbox 921 414 1044 457; x_wconf 85' lang='lat' dir='ltr'>agros</span> <span class='ocrx_word' id='word_1_33' title='bbox 1075 399 1209 455; x_wconf 85' lang='lat' dir='ltr'>prima</span> <span class='ocrx_word' id='word_1_34' title='bbox 1237 397 1331 443; x_wconf 89' lang='lat' dir='ltr'>luce</span> <span class='ocrx_word' id='word_1_35' title='bbox 1362 398 1486 446; x_wconf 89' lang='lat' dir='ltr'>Ro·6</span> 
     </span>
     <span class='ocr_line' id='line_1_6' title="bbox 125 462 1449 522; baseline 0 -14"><span class='ocrx_word' id='word_1_36' title='bbox 125 464 239 508; x_wconf 88' lang='lat' dir='ltr'>mani</span> <span class='ocrx_word' id='word_1_37' title='bbox 278 464 409 522; x_wconf 87' lang='lat' dir='ltr'>signis</span> <span class='ocrx_word' id='word_1_38' title='bbox 450 464 624 522; x_wconf 85' lang='lat' dir='ltr'>prolatis</span> <span class='ocrx_word' id='word_1_39' title='bbox 664 464 706 508; x_wconf 92' lang='lat' dir='ltr'>in</span> <span class='ocrx_word' id='word_1_40' title='bbox 749 464 836 509; x_wconf 81' lang='lat' dir='ltr'>acie</span> <span class='ocrx_word' id='word_1_41' title='bbox 867 464 1105 509; x_wconf 88' lang='lat' dir='ltr'>consistunt</span> <span class='ocrx_word' id='word_1_42' title='bbox 1135 469 1191 515; x_wconf 88' lang='lat' dir='ltr'>et,</span> <span class='ocrx_word' id='word_1_43' title='bbox 1223 462 1298 507; x_wconf 91' lang='lat' dir='ltr'>ubi</span> <span class='ocrx_word' id='word_1_44' title='bbox 1327 478 1449 508; x_wconf 88' lang='lat' dir='ltr'>nemo</span> 
     </span>
     <span class='ocr_line' id='line_1_7' title="bbox 125 527 1445 588; baseline -0.001 -15"><span class='ocrx_word' id='word_1_45' title='bbox 125 527 274 573; x_wconf 82' lang='lat' dir='ltr'>obvius</span> <span class='ocrx_word' id='word_1_46' title='bbox 309 529 410 582; x_wconf 88' lang='lat' dir='ltr'>ibat,</span> <span class='ocrx_word' id='word_1_47' title='bbox 448 529 571 586; x_wconf 90' lang='lat' dir='ltr'>pleno</span> <span class='ocrx_word' id='word_1_48' title='bbox 603 529 739 588; x_wconf 90' lang='lat' dir='ltr'>gradu</span> <span class='ocrx_word' id='word_1_49' title='bbox 771 528 824 573; x_wconf 87' lang='lat' dir='ltr'>ad</span> <span class='ocrx_word' id='word_1_50' title='bbox 859 532 997 573; x_wconf 85' lang='lat' dir='ltr'>castra</span> <span class='ocrx_word' id='word_1_51' title='bbox 1030 527 1217 572; x_wconf 87' lang='lat' dir='ltr'>hostium</span> <span class='ocrx_word' id='word_1_52' title='bbox 1251 527 1445 572; x_wconf 84' lang='lat' dir='ltr'>tendunt.</span> 
     </span>
     <span class='ocr_line' id='line_1_8' title="bbox 126 592 1484 665; baseline 0.001 -28"><span class='ocrx_word' id='word_1_53' title='bbox 126 592 338 638; x_wconf 85' lang='lat' dir='ltr'>Caeterum</span> <span class='ocrx_word' id='word_1_54' title='bbox 366 597 587 665; x_wconf 81' lang='lat' dir='ltr'><strong>postquam</strong></span> <span class='ocrx_word' id='word_1_55' title='bbox 621 593 679 638; x_wconf 89' lang='lat' dir='ltr'>ibi</span> <span class='ocrx_word' id='word_1_56' title='bbox 708 608 844 651; x_wconf 82' lang='lat' dir='ltr'>neque</span> <span class='ocrx_word' id='word_1_57' title='bbox 874 593 1078 637; x_wconf 90' lang='lat' dir='ltr'>stationes</span> <span class='ocrx_word' id='word_1_58' title='bbox 1106 607 1182 649; x_wconf 88' lang='lat' dir='ltr'>pro</span> <span class='ocrx_word' id='word_1_59' title='bbox 1208 592 1342 650; x_wconf 87' lang='lat' dir='ltr'>portis</span> <span class='ocrx_word' id='word_1_60' title='bbox 1370 598 1484 640; x_wconf 73' lang='lat' dir='ltr'>nec?</span> 
     </span>
     <span class='ocr_line' id='line_1_9' title="bbox 125 657 1445 716; baseline -0.001 -14"><span class='ocrx_word' id='word_1_61' title='bbox 125 673 373 716; x_wconf 86' lang='lat' dir='ltr'>quemquam</span> <span class='ocrx_word' id='word_1_62' title='bbox 396 657 440 702; x_wconf 84' lang='lat' dir='ltr'>in</span> <span class='ocrx_word' id='word_1_63' title='bbox 460 657 569 702; x_wconf 86' lang='lat' dir='ltr'>vallo</span> <span class='ocrx_word' id='word_1_64' title='bbox 596 673 674 702; x_wconf 89' lang='lat' dir='ltr'>nee</span> <span class='ocrx_word' id='word_1_65' title='bbox 701 657 918 702; x_wconf 87' lang='lat' dir='ltr'>fremitum</span> <span class='ocrx_word' id='word_1_66' title='bbox 938 661 1186 702; x_wconf 88' lang='lat' dir='ltr'>consuetum</span> <span class='ocrx_word' id='word_1_67' title='bbox 1214 660 1445 702; x_wconf 88' lang='lat' dir='ltr'>castrorum</span> 
     </span>
     <span class='ocr_line' id='line_1_10' title="bbox 124 721 1444 777; baseline 0 -11"><span class='ocrx_word' id='word_1_68' title='bbox 124 722 522 777; x_wconf 84' lang='lat' dir='ltr'>animadverterunt,</span> <span class='ocrx_word' id='word_1_69' title='bbox 543 722 714 766; x_wconf 87' lang='lat' dir='ltr'>insolito</span> <span class='ocrx_word' id='word_1_70' title='bbox 740 722 906 766; x_wconf 87' lang='lat' dir='ltr'>silentio</span> <span class='ocrx_word' id='word_1_71' title='bbox 934 722 1038 765; x_wconf 89' lang='lat' dir='ltr'>moti</span> <span class='ocrx_word' id='word_1_72' title='bbox 1065 729 1182 766; x_wconf 87' lang='lat' dir='ltr'>metu</span> <span class='ocrx_word' id='word_1_73' title='bbox 1201 721 1444 766; x_wconf 85' lang='lat' dir='ltr'>insidiarum</span> 
     </span>
     <span class='ocr_line' id='line_1_11' title="bbox 123 785 1481 845; baseline 0 -14"><span class='ocrx_word' id='word_1_74' title='bbox 123 786 374 831; x_wconf 87' lang='lat' dir='ltr'>subsistunt.</span> <span class='ocrx_word' id='word_1_75' title='bbox 435 787 705 845; x_wconf 86' lang='lat' dir='ltr'>Transgressi</span> <span class='ocrx_word' id='word_1_76' title='bbox 744 786 893 830; x_wconf 87' lang='lat' dir='ltr'>deinde</span> <span class='ocrx_word' id='word_1_77' title='bbox 923 785 1075 830; x_wconf 77' lang='lat' dir='ltr'>vallum</span> <span class='ocrx_word' id='word_1_78' title='bbox 1107 801 1238 842; x_wconf 89' lang='lat' dir='ltr'>quum</span> <span class='ocrx_word' id='word_1_79' title='bbox 1279 785 1481 832; x_wconf 78' lang='lat' dir='ltr'>desertass</span> 
     </span>
     <span class='ocr_line' id='line_1_12' title="bbox 122 850 1447 909; baseline 0.002 -15"><span class='ocrx_word' id='word_1_80' title='bbox 122 851 261 895; x_wconf 90' lang='lat' dir='ltr'>omnia</span> <span class='ocrx_word' id='word_1_81' title='bbox 287 852 558 904; x_wconf 77' lang='lat' dir='ltr'>invenissent,</span> <span class='ocrx_word' id='word_1_82' title='bbox 582 854 765 909; x_wconf 85' lang='lat' dir='ltr'>pergunt</span> <span class='ocrx_word' id='word_1_83' title='bbox 793 850 957 894; x_wconf 87' lang='lat' dir='ltr'>hostem</span> <span class='ocrx_word' id='word_1_84' title='bbox 978 850 1168 908; x_wconf 74' lang='lat' dir='ltr'>vestigiis</span> <span class='ocrx_word' id='word_1_85' title='bbox 1196 851 1339 908; x_wconf 89' lang='lat' dir='ltr'>sequi:</span> <span class='ocrx_word' id='word_1_86' title='bbox 1373 851 1447 896; x_wconf 88' lang='lat' dir='ltr'>sed</span> 
     </span>
     <span class='ocr_line' id='line_1_13' title="bbox 121 915 1446 974; baseline 0 -14"><span class='ocrx_word' id='word_1_87' title='bbox 121 915 302 974; x_wconf 84' lang='lat' dir='ltr'>vestigia</span> <span class='ocrx_word' id='word_1_88' title='bbox 334 917 380 960; x_wconf 90' lang='lat' dir='ltr'>in</span> <span class='ocrx_word' id='word_1_89' title='bbox 411 931 555 960; x_wconf 87' lang='lat' dir='ltr'>omnes</span> <span class='ocrx_word' id='word_1_90' title='bbox 591 931 708 973; x_wconf 83' lang='lat' dir='ltr'>aeque</span> <span class='ocrx_word' id='word_1_91' title='bbox 743 915 922 959; x_wconf 87' lang='lat' dir='ltr'>ferentia</span> <span class='ocrx_word' id='word_1_92' title='bbox 951 919 1092 972; x_wconf 85' lang='lat' dir='ltr'>partes</span> <span class='ocrx_word' id='word_1_93' title='bbox 1123 920 1172 959; x_wconf 87' lang='lat' dir='ltr'>ut</span> <span class='ocrx_word' id='word_1_94' title='bbox 1202 915 1246 959; x_wconf 88' lang='lat' dir='ltr'>in</span> <span class='ocrx_word' id='word_1_95' title='bbox 1277 915 1446 974; x_wconf 85' lang='lat' dir='ltr'>dilapsis</span> 
     </span>
     <span class='ocr_line' id='line_1_14' title="bbox 122 979 1446 1038; baseline 0.001 -14"><span class='ocrx_word' id='word_1_96' title='bbox 122 981 278 1038; x_wconf 82' lang='lat' dir='ltr'>passim</span> <span class='ocrx_word' id='word_1_97' title='bbox 307 981 440 1037; x_wconf 86' lang='lat' dir='ltr'>primo</span> <span class='ocrx_word' id='word_1_98' title='bbox 469 995 652 1024; x_wconf 88' lang='lat' dir='ltr'>errorem</span> <span class='ocrx_word' id='word_1_99' title='bbox 680 979 902 1033; x_wconf 88' lang='lat' dir='ltr'>faciebant,</span> <span class='ocrx_word' id='word_1_100' title='bbox 933 983 1029 1038; x_wconf 92' lang='lat' dir='ltr'>post</span> <span class='ocrx_word' id='word_1_101' title='bbox 1056 995 1132 1037; x_wconf 89' lang='lat' dir='ltr'>per</span> <span class='ocrx_word' id='word_1_102' title='bbox 1160 979 1446 1037; x_wconf 79' lang='lat' dir='ltr'>exploratores</span> 
     </span>
     <span class='ocr_line' id='line_1_15' title="bbox 123 1043 1446 1103; baseline -0.001 -14"><span class='ocrx_word' id='word_1_103' title='bbox 123 1045 350 1103; x_wconf 70' lang='lat' dir='ltr'>compertis</span> <span class='ocrx_word' id='word_1_104' title='bbox 381 1045 565 1089; x_wconf 84' lang='lat' dir='ltr'>hostium</span> <span class='ocrx_word' id='word_1_105' title='bbox 597 1043 780 1088; x_wconf 83' lang='lat' dir='ltr'>consiliis</span> <span class='ocrx_word' id='word_1_106' title='bbox 812 1043 865 1088; x_wconf 90' lang='lat' dir='ltr'>ad</span> <span class='ocrx_word' id='word_1_107' title='bbox 895 1043 1082 1103; x_wconf 85' lang='lat' dir='ltr'>singulas</span> <span class='ocrx_word' id='word_1_108' title='bbox 1113 1043 1240 1089; x_wconf 89' lang='lat' dir='ltr'>urbes</span> <span class='ocrx_word' id='word_1_109' title='bbox 1269 1045 1446 1089; x_wconf 88' lang='lat' dir='ltr'>circum-</span> 
     </span>
     <span class='ocr_line' id='line_1_16' title="bbox 120 1108 1445 1168; baseline 0 -15"><span class='ocrx_word' id='word_1_110' title='bbox 120 1108 293 1153; x_wconf 88' lang='lat' dir='ltr'>ferendo</span> <span class='ocrx_word' id='word_1_111' title='bbox 320 1109 429 1154; x_wconf 92' lang='lat' dir='ltr'>bello</span> <span class='ocrx_word' id='word_1_112' title='bbox 457 1125 588 1153; x_wconf 84' lang='lat' dir='ltr'>unum</span> <span class='ocrx_word' id='word_1_113' title='bbox 615 1113 658 1153; x_wconf 88' lang='lat' dir='ltr'>et</span> <span class='ocrx_word' id='word_1_114' title='bbox 683 1109 861 1167; x_wconf 87' lang='lat' dir='ltr'>triginta</span> <span class='ocrx_word' id='word_1_115' title='bbox 887 1109 1042 1167; x_wconf 87' lang='lat' dir='ltr'>oppida</span> <span class='ocrx_word' id='word_1_116' title='bbox 1066 1109 1180 1153; x_wconf 85' lang='lat' dir='ltr'>intra</span> <span class='ocrx_word' id='word_1_117' title='bbox 1207 1108 1295 1153; x_wconf 90' lang='lat' dir='ltr'>dies</span> <span class='ocrx_word' id='word_1_118' title='bbox 1325 1109 1445 1168; x_wconf 86' lang='lat' dir='ltr'>quin-</span> 
     </span>
     <span class='ocr_line' id='line_1_17' title="bbox 121 1173 1444 1233; baseline 0.001 -15"><span class='ocrx_word' id='word_1_119' title='bbox 121 1174 324 1232; x_wconf 86' lang='lat' dir='ltr'>quaginta</span> <span class='ocrx_word' id='word_1_120' title='bbox 345 1174 484 1218; x_wconf 90' lang='lat' dir='ltr'>omnia</span> <span class='ocrx_word' id='word_1_121' title='bbox 504 1173 785 1232; x_wconf 86' lang='lat' dir='ltr'>oppugnando</span> <span class='ocrx_word' id='word_1_122' title='bbox 807 1178 1022 1232; x_wconf 89' lang='lat' dir='ltr'>ceperunt,</span> <span class='ocrx_word' id='word_1_123' title='bbox 1047 1189 1223 1232; x_wconf 90' lang='lat' dir='ltr'>quorum</span> <span class='ocrx_word' id='word_1_124' title='bbox 1245 1173 1444 1233; x_wconf 84' lang='lat' dir='ltr'>pleraque</span> 
     </span>
     <span class='ocr_line' id='line_1_18' title="bbox 120 1237 1444 1297; baseline 0 -15"><span class='ocrx_word' id='word_1_125' title='bbox 120 1237 262 1282; x_wconf 83' lang='lat' dir='ltr'>diruta</span> <span class='ocrx_word' id='word_1_126' title='bbox 302 1243 428 1297; x_wconf 86' lang='lat' dir='ltr'>atque</span> <span class='ocrx_word' id='word_1_127' title='bbox 467 1239 638 1283; x_wconf 88' lang='lat' dir='ltr'>incensa</span> <span class='ocrx_word' id='word_1_128' title='bbox 676 1253 913 1296; x_wconf 89' lang='lat' dir='ltr'>nomenque</span> <span class='ocrx_word' id='word_1_129' title='bbox 948 1239 1185 1297; x_wconf 83' lang='lat' dir='ltr'>AEquorum</span> <span class='ocrx_word' id='word_1_130' title='bbox 1225 1254 1356 1297; x_wconf 84' lang='lat' dir='ltr'>prope</span> <span class='ocrx_word' id='word_1_131' title='bbox 1391 1238 1444 1283; x_wconf 88' lang='lat' dir='ltr'>ad</span> 
     </span>
     <span class='ocr_line' id='line_1_19' title="bbox 118 1302 1480 1361; baseline 0.002 -15"><span class='ocrx_word' id='word_1_132' title='bbox 118 1302 446 1348; x_wconf 86' lang='lat' dir='ltr'>internecionem</span> <span class='ocrx_word' id='word_1_133' title='bbox 478 1303 675 1348; x_wconf 88' lang='lat' dir='ltr'>deletum.</span> <span class='ocrx_word' id='word_1_134' title='bbox 737 1303 805 1347; x_wconf 90' lang='lat' dir='ltr'>De</span> <span class='ocrx_word' id='word_1_135' title='bbox 835 1303 987 1361; x_wconf 89' lang='lat' dir='ltr'>AEquis</span> <span class='ocrx_word' id='word_1_136' title='bbox 1017 1303 1337 1361; x_wconf 76' lang='lat' dir='ltr'>triumphatum,</span> <span class='ocrx_word' id='word_1_137' title='bbox 1371 1318 1442 1348; x_wconf 78' lang='lat' dir='ltr'>ex-</span> <span class='ocrx_word' id='word_1_138' title='bbox 1457 1314 1480 1350; x_wconf 81' lang='lat'><strong>9</strong></span> 
     </span>
     <span class='ocr_line' id='line_1_20' title="bbox 118 1367 1442 1427; baseline 0.001 -16"><span class='ocrx_word' id='word_1_139' title='bbox 118 1367 337 1426; x_wconf 88' lang='lat' dir='ltr'>emploque</span> <span class='ocrx_word' id='word_1_140' title='bbox 358 1383 503 1412; x_wconf 89' lang='lat' dir='ltr'>eorum</span> <span class='ocrx_word' id='word_1_141' title='bbox 524 1367 661 1412; x_wconf 88' lang='lat' dir='ltr'>clades</span> <span class='ocrx_word' id='word_1_142' title='bbox 683 1367 766 1412; x_wconf 87' lang='lat' dir='ltr'>fuit</span> <span class='ocrx_word' id='word_1_143' title='bbox 787 1371 838 1411; x_wconf 88' lang='lat' dir='ltr'>ut</span> <span class='ocrx_word' id='word_1_144' title='bbox 859 1368 1095 1412; x_wconf 84' lang='lat' dir='ltr'>Marrucini</span> <span class='ocrx_word' id='word_1_145' title='bbox 1120 1368 1255 1412; x_wconf 84' lang='lat' dir='ltr'>Marsi</span> <span class='ocrx_word' id='word_1_146' title='bbox 1275 1367 1442 1427; x_wconf 87' lang='lat' dir='ltr'>Peligni</span> 
     </span>
     <span class='ocr_line' id='line_1_21' title="bbox 117 1431 1441 1491; baseline 0.002 -16"><span class='ocrx_word' id='word_1_147' title='bbox 117 1431 319 1476; x_wconf 80' lang='lat' dir='ltr'>Frentani</span> <span class='ocrx_word' id='word_1_148' title='bbox 338 1432 557 1477; x_wconf 85' lang='lat' dir='ltr'>mitterent</span> <span class='ocrx_word' id='word_1_149' title='bbox 579 1432 758 1476; x_wconf 84' lang='lat' dir='ltr'>Romam</span> <span class='ocrx_word' id='word_1_150' title='bbox 780 1436 968 1477; x_wconf 89' lang='lat' dir='ltr'>oratores</span> <span class='ocrx_word' id='word_1_151' title='bbox 991 1433 1104 1490; x_wconf 87' lang='lat' dir='ltr'>pacis</span> <span class='ocrx_word' id='word_1_152' title='bbox 1126 1432 1318 1491; x_wconf 88' lang='lat' dir='ltr'>petendae</span> <span class='ocrx_word' id='word_1_153' title='bbox 1339 1434 1441 1478; x_wconf 85' lang='lat' dir='ltr'>ami-</span> 
     </span>
     <span class='ocr_line' id='line_1_22' title="bbox 116 1496 1219 1555; baseline 0.001 -15"><span class='ocrx_word' id='word_1_154' title='bbox 116 1496 309 1554; x_wconf 87' lang='lat' dir='ltr'>citiaeque</span> <span class='ocrx_word' id='word_1_155' title='bbox 327 1512 336 1540; x_wconf 91' lang='lat'>:</span> <span class='ocrx_word' id='word_1_156' title='bbox 365 1496 431 1541; x_wconf 87' lang='lat' dir='ltr'>his</span> <span class='ocrx_word' id='word_1_157' title='bbox 453 1496 616 1554; x_wconf 89' lang='lat' dir='ltr'>populis</span> <span class='ocrx_word' id='word_1_158' title='bbox 638 1496 775 1541; x_wconf 85' lang='lat' dir='ltr'>foedus</span> <span class='ocrx_word' id='word_1_159' title='bbox 796 1496 1039 1555; x_wconf 88' lang='lat' dir='ltr'>petentibus</span> <span class='ocrx_word' id='word_1_160' title='bbox 1061 1497 1219 1542; x_wconf 86' lang='lat' dir='ltr'>datum.</span> 
     </span>
    </p>

    <p class='ocr_par' dir='ltr' id='par_1_3' title="bbox 112 1560 1554 2335">
     <span class='ocr_line' id='line_1_23' title="bbox 175 1560 1554 1621; baseline 0.003 -17"><span class='ocrx_word' id='word_1_161' title='bbox 175 1560 336 1605; x_wconf 89' lang='lat' dir='ltr'>Eodem</span> <span class='ocrx_word' id='word_1_162' title='bbox 367 1576 475 1605; x_wconf 89' lang='lat' dir='ltr'>anno</span> <span class='ocrx_word' id='word_1_163' title='bbox 512 1561 588 1605; x_wconf 92' lang='lat' dir='ltr'>Cn.</span> <span class='ocrx_word' id='word_1_164' title='bbox 609 1561 780 1606; x_wconf 85' lang='lat' dir='ltr'>Flavius</span> <span class='ocrx_word' id='word_1_165' title='bbox 811 1561 948 1606; x_wconf 86' lang='lat' dir='ltr'>scriba</span> <span class='ocrx_word' id='word_1_166' title='bbox 978 1566 1098 1620; x_wconf 88' lang='lat' dir='ltr'>patre</span> <span class='ocrx_word' id='word_1_167' title='bbox 1128 1562 1326 1607; x_wconf 87' lang='lat' dir='ltr'>libertino</span> <span class='ocrx_word' id='word_1_168' title='bbox 1356 1562 1554 1621; x_wconf 82' lang='lat' dir='ltr'>hu-(46)</span> 
     </span>
     <span class='ocr_line' id='line_1_24' title="bbox 115 1625 1434 1672; baseline 0.002 -3"><span class='ocrx_word' id='word_1_169' title='bbox 115 1625 204 1669; x_wconf 87' lang='lat' dir='ltr'>mili</span> <span class='ocrx_word' id='word_1_170' title='bbox 244 1625 415 1669; x_wconf 83' lang='lat' dir='ltr'>fortuna</span> <span class='ocrx_word' id='word_1_171' title='bbox 449 1630 568 1670; x_wconf 88' lang='lat' dir='ltr'>ortus</span> <span class='ocrx_word' id='word_1_172' title='bbox 604 1630 804 1671; x_wconf 83' lang='lat' dir='ltr'>caeterum</span> <span class='ocrx_word' id='word_1_173' title='bbox 838 1625 1011 1671; x_wconf 84' lang='lat' dir='ltr'>callidus</span> <span class='ocrx_word' id='word_1_174' title='bbox 1049 1627 1113 1671; x_wconf 89' lang='lat' dir='ltr'>vir</span> <span class='ocrx_word' id='word_1_175' title='bbox 1148 1631 1192 1672; x_wconf 87' lang='lat' dir='ltr'>et</span> <span class='ocrx_word' id='word_1_176' title='bbox 1227 1627 1434 1672; x_wconf 87' lang='lat' dir='ltr'>facundus</span> 
     </span>
     <span class='ocr_line' id='line_1_25' title="bbox 115 1689 1473 1749; baseline 0.002 -15"><span class='ocrx_word' id='word_1_177' title='bbox 115 1689 246 1734; x_wconf 81' lang='lat' dir='ltr'>aedilis</span> <span class='ocrx_word' id='word_1_178' title='bbox 277 1690 433 1734; x_wconf 88' lang='lat' dir='ltr'>curulis</span> <span class='ocrx_word' id='word_1_179' title='bbox 464 1691 559 1734; x_wconf 84' lang='lat' dir='ltr'>fuit.</span> <span class='ocrx_word' id='word_1_180' title='bbox 622 1690 798 1735; x_wconf 85' lang='lat' dir='ltr'>Invenio</span> <span class='ocrx_word' id='word_1_181' title='bbox 832 1690 878 1734; x_wconf 88' lang='lat' dir='ltr'>in</span> <span class='ocrx_word' id='word_1_182' title='bbox 917 1691 1167 1749; x_wconf 84' lang='lat' dir='ltr'>quibusdam</span> <span class='ocrx_word' id='word_1_183' title='bbox 1202 1692 1473 1748; x_wconf 87' lang='lat' dir='ltr'>annalibus‚2</span> 
     </span>
     <span class='ocr_line' id='line_1_26' title="bbox 115 1754 1436 1814; baseline 0.003 -16"><span class='ocrx_word' id='word_1_184' title='bbox 115 1769 244 1812; x_wconf 88' lang='lat' dir='ltr'>quum</span> <span class='ocrx_word' id='word_1_185' title='bbox 276 1761 496 1813; x_wconf 87' lang='lat' dir='ltr'>appareret</span> <span class='ocrx_word' id='word_1_186' title='bbox 526 1754 714 1800; x_wconf 79' lang='lat' dir='ltr'>aedilibus</span> <span class='ocrx_word' id='word_1_187' title='bbox 745 1755 919 1812; x_wconf 86' lang='lat' dir='ltr'>fierique</span> <span class='ocrx_word' id='word_1_188' title='bbox 947 1770 992 1800; x_wconf 87' lang='lat' dir='ltr'>se</span> <span class='ocrx_word' id='word_1_189' title='bbox 1023 1771 1099 1814; x_wconf 92' lang='lat' dir='ltr'>pro</span> <span class='ocrx_word' id='word_1_190' title='bbox 1127 1756 1244 1801; x_wconf 88' lang='lat' dir='ltr'>tribu</span> <span class='ocrx_word' id='word_1_191' title='bbox 1273 1756 1436 1802; x_wconf 80' lang='lat' dir='ltr'>aedilein</span> 
     </span>
     <span class='ocr_line' id='line_1_27' title="bbox 115 1818 1437 1878; baseline 0.002 -15"><span class='ocrx_word' id='word_1_192' title='bbox 115 1818 277 1863; x_wconf 79' lang='lat' dir='ltr'>videret</span> <span class='ocrx_word' id='word_1_193' title='bbox 304 1835 442 1878; x_wconf 90' lang='lat' dir='ltr'>neque</span> <span class='ocrx_word' id='word_1_194' title='bbox 473 1819 603 1877; x_wconf 87' lang='lat' dir='ltr'>accipi</span> <span class='ocrx_word' id='word_1_195' title='bbox 633 1835 786 1864; x_wconf 88' lang='lat' dir='ltr'>nomen</span> <span class='ocrx_word' id='word_1_196' title='bbox 813 1821 912 1878; x_wconf 87' lang='lat' dir='ltr'>quia</span> <span class='ocrx_word' id='word_1_197' title='bbox 938 1821 1145 1877; x_wconf 82' lang='lat' dir='ltr'>scriptum</span> <span class='ocrx_word' id='word_1_198' title='bbox 1172 1821 1343 1876; x_wconf 89' lang='lat' dir='ltr'>faceret,</span> <span class='ocrx_word' id='word_1_199' title='bbox 1371 1826 1437 1866; x_wconf 88' lang='lat' dir='ltr'>ta-</span> 
     </span>
     <span class='ocr_line' id='line_1_28' title="bbox 114 1881 1436 1942; baseline 0.003 -15"><span class='ocrx_word' id='word_1_200' title='bbox 114 1881 256 1927; x_wconf 87' lang='lat' dir='ltr'>bulam</span> <span class='ocrx_word' id='word_1_201' title='bbox 285 1884 476 1942; x_wconf 77' lang='lat' dir='ltr'>posuisse</span> <span class='ocrx_word' id='word_1_202' title='bbox 504 1888 547 1928; x_wconf 90' lang='lat' dir='ltr'>et</span> <span class='ocrx_word' id='word_1_203' title='bbox 568 1885 741 1941; x_wconf 71' lang='lat' dir='ltr'>jurasse</span> <span class='ocrx_word' id='word_1_204' title='bbox 771 1899 816 1928; x_wconf 90' lang='lat' dir='ltr'>se</span> <span class='ocrx_word' id='word_1_205' title='bbox 847 1884 1052 1942; x_wconf 89' lang='lat' dir='ltr'>scriptum</span> <span class='ocrx_word' id='word_1_206' title='bbox 1084 1901 1170 1930; x_wconf 92' lang='lat' dir='ltr'>non</span> <span class='ocrx_word' id='word_1_207' title='bbox 1199 1886 1436 1931; x_wconf 85' lang='lat' dir='ltr'>facturum:</span> 
     </span>
     <span class='ocr_line' id='line_1_29' title="bbox 114 1948 1437 2010; baseline 0.003 -18"><span class='ocrx_word' id='word_1_208' title='bbox 114 1963 239 2005; x_wconf 88' lang='lat' dir='ltr'>quem</span> <span class='ocrx_word' id='word_1_209' title='bbox 279 1948 493 2007; x_wconf 86' lang='lat' dir='ltr'>aliquanto</span> <span class='ocrx_word' id='word_1_210' title='bbox 533 1954 631 1992; x_wconf 84' lang='lat' dir='ltr'>ante</span> <span class='ocrx_word' id='word_1_211' title='bbox 671 1948 834 1993; x_wconf 82' lang='lat' dir='ltr'>desisse</span> <span class='ocrx_word' id='word_1_212' title='bbox 874 1950 1078 2007; x_wconf 87' lang='lat' dir='ltr'>scriptum</span> <span class='ocrx_word' id='word_1_213' title='bbox 1119 1951 1256 1996; x_wconf 86' lang='lat' dir='ltr'>facere</span> <span class='ocrx_word' id='word_1_214' title='bbox 1296 1952 1437 2010; x_wconf 83' lang='lat' dir='ltr'>arguit</span> 
     </span>
     <span class='ocr_line' id='line_1_30' title="bbox 114 2011 1435 2075; baseline 0.004 -19"><span class='ocrx_word' id='word_1_215' title='bbox 114 2011 263 2057; x_wconf 87' lang='lat' dir='ltr'>Macer</span> <span class='ocrx_word' id='word_1_216' title='bbox 292 2013 483 2058; x_wconf 89' lang='lat' dir='ltr'>Licinius</span> <span class='ocrx_word' id='word_1_217' title='bbox 504 2013 725 2058; x_wconf 86' lang='lat' dir='ltr'>tribunatu</span> <span class='ocrx_word' id='word_1_218' title='bbox 745 2017 843 2058; x_wconf 88' lang='lat' dir='ltr'>ante</span> <span class='ocrx_word' id='word_1_219' title='bbox 863 2017 987 2070; x_wconf 90' lang='lat' dir='ltr'>gesto</span> <span class='ocrx_word' id='word_1_220' title='bbox 1015 2015 1435 2075; x_wconf 84' lang='lat' dir='ltr'>triumviratibusque</span> 
     </span>
     <span class='ocr_line' id='line_1_31' title="bbox 113 2077 1472 2136; baseline 0.004 -15"><span class='ocrx_word' id='word_1_221' title='bbox 113 2081 321 2122; x_wconf 85' lang='lat' dir='ltr'>nocturno</span> <span class='ocrx_word' id='word_1_222' title='bbox 342 2078 474 2122; x_wconf 87' lang='lat' dir='ltr'>altero</span> <span class='ocrx_word' id='word_1_223' title='bbox 495 2077 627 2122; x_wconf 88' lang='lat' dir='ltr'>altero</span> <span class='ocrx_word' id='word_1_224' title='bbox 647 2078 818 2123; x_wconf 87' lang='lat' dir='ltr'>coloniae</span> <span class='ocrx_word' id='word_1_225' title='bbox 840 2077 1105 2124; x_wconf 67' lang='lat' dir='ltr'>deducendae.</span> <span class='ocrx_word' id='word_1_226' title='bbox 1159 2080 1433 2125; x_wconf 87' lang='lat' dir='ltr'>Caeterum—</span> <span class='ocrx_word' id='word_1_227' title='bbox 1448 2099 1472 2136; x_wconf 86' lang='lat'><strong>3</strong></span> 
     </span>
     <span class='ocr_line' id='line_1_32' title="bbox 113 2140 1432 2200; baseline 0.004 -14"><span class='ocrx_word' id='word_1_228' title='bbox 113 2140 158 2186; x_wconf 89' lang='lat' dir='ltr'>id</span> <span class='ocrx_word' id='word_1_229' title='bbox 184 2141 298 2200; x_wconf 91' lang='lat' dir='ltr'>quod</span> <span class='ocrx_word' id='word_1_230' title='bbox 324 2142 437 2187; x_wconf 87' lang='lat' dir='ltr'>haud</span> <span class='ocrx_word' id='word_1_231' title='bbox 463 2142 996 2200; x_wconf 82' lang='lat' dir='ltr'>discrepat—contumacia</span> <span class='ocrx_word' id='word_1_232' title='bbox 1016 2143 1216 2190; x_wconf 83' lang='lat' dir='ltr'>adversus</span> <span class='ocrx_word' id='word_1_233' title='bbox 1243 2150 1432 2191; x_wconf 87' lang='lat' dir='ltr'>contem-</span> 
     </span>
     <span class='ocr_line' id='line_1_33' title="bbox 112 2205 1430 2269; baseline 0.005 -20"><span class='ocrx_word' id='word_1_234' title='bbox 112 2210 262 2250; x_wconf 84' lang='lat' dir='ltr'>nentes</span> <span class='ocrx_word' id='word_1_235' title='bbox 289 2205 569 2252; x_wconf 83' lang='lat' dir='ltr'>humilitatem</span> <span class='ocrx_word' id='word_1_236' title='bbox 599 2223 718 2252; x_wconf 83' lang='lat' dir='ltr'>suam</span> <span class='ocrx_word' id='word_1_237' title='bbox 737 2207 898 2253; x_wconf 84' lang='lat' dir='ltr'>nobiles</span> <span class='ocrx_word' id='word_1_238' title='bbox 923 2209 1112 2265; x_wconf 82' lang='lat' dir='ltr'>certavit,</span> <span class='ocrx_word' id='word_1_239' title='bbox 1134 2209 1254 2255; x_wconf 88' lang='lat' dir='ltr'>civile</span> <span class='ocrx_word' id='word_1_240' title='bbox 1274 2211 1344 2269; x_wconf 82' lang='lat' dir='ltr'>jus</span> <span class='ocrx_word' id='word_1_241' title='bbox 1365 2226 1430 2255; x_wconf 88' lang='lat' dir='ltr'>re-</span> 
     </span>
     <span class='ocr_line' id='line_1_34' title="bbox 113 2269 1431 2335; baseline 0.005 -20"><span class='ocrx_word' id='word_1_242' title='bbox 113 2269 299 2327; x_wconf 79' lang='lat' dir='ltr'>positum</span> <span class='ocrx_word' id='word_1_243' title='bbox 326 2271 372 2316; x_wconf 90' lang='lat' dir='ltr'>in</span> <span class='ocrx_word' id='word_1_244' title='bbox 394 2272 680 2331; x_wconf 85' lang='lat' dir='ltr'>penetralibus</span> <span class='ocrx_word' id='word_1_245' title='bbox 707 2273 954 2333; x_wconf 84' lang='lat' dir='ltr'>pontificum</span> <span class='ocrx_word' id='word_1_246' title='bbox 972 2274 1188 2334; x_wconf 78' lang='lat' dir='ltr'>evulgavit</span> <span class='ocrx_word' id='word_1_247' title='bbox 1214 2275 1431 2335; x_wconf 78' lang='lat' dir='ltr'>fastosque</span> 
     </span>
    </p>
   </div>
  </div>
 </body>
</html>
