1649 2452
230 90 308 128 370
547 84 592 123 Τ.
625 83 774 123 LIVII
806 83 1224 123 HISTORIARUM
1343 137 1390 176 [A
1418 137 1444 168 c
1471 138 1531 170 386

227 179 392 225 Marcio
427 177 598 222 tribuno
628 177 761 236 plebis
792 177 905 221 dicta
935 177 1023 221 dies
1054 179 1132 230 est,
1165 176 1278 236 quod
1306 177 1471 237 legatus
1499 179 1547 223 in

229 244 383 296 Gallos,
408 242 460 286 ad
481 257 585 300 quos
607 242 760 286 missus
790 245 880 285 erat
909 244 1062 294 orator,
1087 246 1234 285 contra
1255 244 1328 298 jus
1355 243 1548 300 gentium

191 309 474 367 5pugnasset.
539 306 618 350 Cui
642 305 800 363 judicio
829 320 925 349 eum
956 319 1068 349 mors
1097 305 1200 349 adeo
1229 310 1477 363 opportuna,
1497 310 1547 351 ut

191 372 506 417 uvoluntariam
546 385 698 428 magna
738 384 834 425 pars
875 367 1077 421 crederet,
1121 369 1342 414 subtraxit.
1403 370 1545 414 Inter-

228 452 405 495 regnum
440 435 620 478 initum:
652 434 700 477 P.
726 433 945 477 Cornelius
984 432 1122 490 Scipio
1156 433 1344 478 interrex
1373 438 1416 478 et
1452 438 1548 492 post

191 509 212 550 7
228 517 322 545 eum
344 500 407 544 M.
430 498 584 542 Furius
615 496 832 541 Camillus.
892 497 1058 540 Iterum
1086 495 1123 541 is
1143 496 1338 542 tribunos
1367 497 1548 543 militum

226 564 434 609 consulari
468 565 680 620 potestate
712 564 825 605 creat
856 560 908 604 L.
931 559 1148 604 Valerium
1184 561 1441 607 Publicolam
1470 563 1548 607 ite-

225 645 317 672 rum
339 628 389 672 L.
413 626 664 683 Verginium
690 625 739 668 P.
765 623 1006 668 Cornelium
1033 626 1084 668 A.
1108 625 1315 669 Manlium
1341 625 1392 670 L.
1417 626 1548 671 AEmi-

190 703 211 738 8
226 692 327 736 lium
350 692 401 735 L.
428 689 704 734 Postumium.
765 688 829 732 Hi
849 703 902 732 ex
922 688 1163 746 interregno
1185 705 1315 747 quum
1336 690 1548 748 extemplo

226 756 521 814 magistratum
548 754 738 805 inissent,
767 752 882 795 nulla
912 751 963 796 de
994 768 1038 796 re
1067 753 1183 810 prius
1217 769 1341 810 quam
1372 753 1424 798 de
1453 750 1549 798 reli-

233 820 428 878 gionibus
470 821 662 862 senatum
704 816 963 861 consuluere.
1025 817 1080 860 In
1120 817 1263 874 primis
1304 817 1462 862 foedera
1500 833 1549 863 ac

226 886 521 943 leges—erant
563 885 703 926 autem
740 896 799 925 eae
835 879 1053 925 duodecim
1088 881 1244 926 tabulae
1279 885 1322 926 et
1359 882 1548 940 quaedam

191 958 213 994 9
225 950 352 1007 regiae
372 945 739 1006 leges—conquiri
755 961 847 1003 quae
864 949 1152 1003 comparerent
1166 947 1401 1002 jusserunt.
1452 947 1549 992 Alia

227 1029 279 1057 ex
300 1014 360 1057 eis
383 1012 496 1057 edita
516 1012 641 1055 etiam
663 1010 707 1054 in
727 1010 906 1068 vulgus:
941 1025 1033 1068 quae
1062 1014 1203 1054 autem
1234 1011 1286 1055 ad
1313 1026 1432 1056 sacra
1454 1027 1549 1070 per-

225 1077 430 1129 tinebant,
454 1092 479 1120 a
499 1074 768 1133 pontificibus
797 1073 989 1127 maxime,
1012 1077 1062 1118 ut
1092 1074 1294 1132 religione
1322 1074 1548 1121 obstrictos

167 1149 213 1186 10
226 1141 428 1186 haberent
449 1138 733 1184 multitudinis
751 1138 922 1192 animoS,
940 1153 1176 1196 suppressa.
1209 1139 1317 1183 Tum
1333 1139 1384 1184 de
1401 1138 1548 1184 diebus

226 1204 433 1263 religiosis
465 1205 618 1262 agitari
646 1208 844 1259 coeptum,
875 1202 1070 1259 diemque
1100 1206 1198 1247 ante
1226 1202 1335 1248 diem
1362 1219 1418 1248 xv
1448 1203 1546 1248 Kal.

228 1269 407 1314 Sextiles
436 1268 592 1325 duplici
619 1266 735 1312 clade
764 1266 984 1324 insignem,
1013 1282 1096 1324 quo
1127 1266 1193 1311 die
1223 1267 1277 1311 ad
1308 1268 1546 1312 Cremeram

225 1333 346 1378 Fabii
366 1333 474 1386 caesi,
499 1348 580 1390 quo
602 1331 751 1376 deinde
773 1330 825 1375 ad
844 1331 981 1375 Aliam
1011 1346 1107 1376 cum
1137 1331 1266 1376 exitio
1294 1332 1411 1377 urbis
1438 1332 1547 1377 soede

226 1401 476 1455 pugnatum,
501 1412 525 1440 a
551 1395 781 1454 posteriore
810 1395 926 1439 clade
954 1395 1169 1440 Aliensem
1197 1396 1458 1454 appellarunt
1486 1396 1548 1440 in-

227 1463 472 1521 signemque
492 1461 553 1505 rei
573 1460 726 1504 nullius
748 1458 913 1517 publice
933 1460 1212 1518 privatimque
1242 1461 1414 1518 agendae
1439 1460 1549 1506 fece-

167 1534 207 1570 1]
226 1529 340 1570 runt.
404 1525 600 1577 Quidam,
625 1524 736 1582 quod
763 1523 966 1582 postridie
993 1524 1088 1568 idus
1120 1525 1358 1572 Quinctiles
1387 1540 1473 1570 non
1500 1524 1550 1569 li-

227 1591 362 1634 tasset
399 1589 609 1647 Sulpicius
640 1588 837 1632 tribunus
871 1588 1051 1633 militum
1081 1603 1217 1647 neque
1246 1589 1418 1634 inventa
1446 1604 1548 1647 pace

228 1655 353 1699 defim
383 1657 479 1711 post
507 1653 617 1698 diem
644 1653 820 1697 tertium
848 1652 1041 1710 objectus
1072 1653 1187 1698 hosti
1216 1653 1430 1698 exercitus
1460 1653 1549 1698 Ro-

227 1734 375 1763 manus
403 1721 530 1772 essct,
558 1718 685 1762 etiam
714 1717 916 1775 postridie
944 1717 1039 1762 idus
1069 1717 1195 1763 rebus
1226 1717 1376 1763 divinis
1404 1733 1549 1776 super-

229 1783 365 1828 sederi
394 1785 575 1839 jussum,
608 1782 705 1826 inde
742 1786 790 1826 ut
826 1781 1029 1839 postridie
1064 1781 1262 1826 kalendas
1299 1797 1464 1841 quoque
1500 1797 1548 1828 ac

227 1863 359 1892 nonas
381 1847 524 1891 eadem
546 1846 692 1905 religio
714 1851 839 1901 esset,
860 1845 1062 1891 traditum
1085 1850 1250 1904 putant.

146 1917 218 1967 (2)
288 1912 382 1956 Nec
403 1910 475 1955 diu
496 1911 613 1956 licuit
635 1911 788 1970 quietis
810 1911 982 1956 consilia
1009 1910 1216 1969 erigendae
1244 1927 1297 1955 ex
1322 1914 1410 1955 tam
1430 1912 1549 1969 gravi

194 1986 330 2023 2casu
358 1976 418 2021 rei
449 1976 624 2033 publicae
656 1991 798 2021 secum
829 1975 1002 2034 agitare.
1064 1976 1180 2020 Hinc
1208 1975 1357 2021 Vulsci
1383 1981 1548 2021 veteres

230 2042 372 2086 hostes
409 2040 460 2084 ad
497 2040 851 2098 exstinguendum
886 2055 1040 2085 nomen
1075 2040 1312 2085 Romanum
1342 2056 1456 2085 arma
1485 2055 1549 2085 ce-

229 2109 391 2164 perant,
429 2105 525 2149 hinc
560 2105 744 2150 Etruriae
784 2105 1018 2163 principum
1059 2120 1112 2150 ex
1152 2104 1344 2150 omnibus
1384 2105 1549 2164 populis

231 2169 560 2228 conjurationem
600 2169 651 2214 de
687 2169 796 2215 bello
836 2169 889 2214 ad
929 2169 1073 2214 fanum
1117 2169 1356 2216 Voltumnae
1395 2170 1551 2215 factam

230 2238 486 2287 mercatores
505 2233 776 2285 adfercbaut;
808 2249 943 2289 novus
964 2250 1132 2304 quoque
1153 2238 1290 2290 terror
1316 2242 1550 2295 accesserat
