1649 2452
599 107 711 153 LIB.
743 111 815 153 VI.
847 115 1016 154 28—30.
1393 112 1472 152 405

155 165 203 201 A.
223 167 257 201 c.
272 164 362 207 3263

157 210 341 268 equitem
361 222 448 252 non
466 207 651 266 peditem
672 208 911 254 sustinuere
938 205 1213 252 Praenestini:
1245 205 1379 263 primo
1399 206 1474 250 im·

155 278 259 333 petu
277 288 327 318 ac
347 272 527 318 clamore
555 271 748 330 dissipati
767 272 934 318 ordines
961 277 1086 316 sunt:
1120 269 1228 323 dein,
1251 274 1473 328 postquam

153 337 271 383 nullo
291 337 384 382 loco
404 336 626 382 constabat
648 337 770 392 acies,
794 344 913 396 terga
932 339 1106 381 vertunt
1134 335 1474 392 consternatique

154 406 198 448 et
218 409 373 460 praeter
392 406 531 446 castra
557 402 684 446 etiam
707 417 783 446 sua
809 417 963 460 pavore
983 400 1145 459 praelati
1172 414 1258 444 non
1284 399 1401 457 prius
1429 415 1474 444 se

154 467 206 512 ab
237 466 371 511 effuso
402 481 530 510 cursu
560 466 718 510 sistunt
755 482 878 523 quam
915 466 959 510 in
993 469 1223 522 conspectu
1260 464 1475 508 Praeneste

155 531 249 575 suit.
310 530 379 574 Ibi
414 545 466 574 ex
502 530 603 589 fuga
638 529 828 587 dissipati
865 530 1003 575 locum
1039 545 1162 588 quem
1198 528 1514 573 tumultuari06

154 611 279 654 opere
307 595 613 640 communirent
641 595 824 652 capiunt,
857 611 920 648 ne,
951 595 987 639 si
1016 594 1128 638 intra
1159 593 1308 638 moenia
1338 609 1383 638 se
1414 609 1477 638 re-

154 660 375 717 cepissent,
409 659 620 717 extemplo
651 666 847 703 ureretur
882 675 983 718 ager
1013 657 1360 716 depopulatisque
1390 672 1476 701 om-

154 723 278 768 nibus
308 723 470 768 obsidio
506 724 601 768 urbi
639 724 877 768 inferretur.
939 722 1021 768 Sed
1051 730 1273 780 postquam
1305 721 1479 779 direptis
1495 728 1516 767 7

154 787 207 832 ad
246 788 383 832 Aliam
425 788 574 833 castris
610 788 745 832 victor
787 789 1002 832 Romanus
1038 787 1195 837 aderat,
1230 786 1274 830 id
1315 802 1480 845 quoque

154 854 459 897 munimentum
481 852 686 907 relictum,
708 857 751 897 et
772 853 842 896 vix
864 854 1016 897 moenia
1043 857 1139 896 tuta
1158 852 1242 896 rati
1261 851 1414 909 oppido
1436 866 1480 895 se

154 917 370 962 Praeneste
405 916 637 961 includunt.
697 917 806 961 Octo
841 923 1042 975 praeterea
1071 916 1223 974 oppida
1252 923 1371 961 eraut
1402 915 1520 961 sub8

155 981 313 1026 ditione
349 982 719 1026 Praenestinormn.
782 981 850 1026 Ad
892 998 941 1026 ea
981 981 1270 1026 circumlatum
1313 981 1519 1036 bellum‚9

155 1045 434 1104 deincepsque
455 1045 568 1090 baud
590 1062 742 1105 magno
771 1048 1000 1091 certamine
1031 1047 1166 1103 captis
1195 1045 1381 1090 Velitras
1410 1061 1479 1090 ex-

155 1111 312 1155 ercitus
341 1113 507 1155 ductus.
570 1110 643 1155 Eae
674 1126 839 1168 quoque
870 1116 1136 1168 expugnatae.
1199 1111 1305 1154 Tum
1336 1110 1386 1154 ad
1415 1126 1480 1155 ca·
1502 1120 1546 1157 lo

155 1181 233 1233 put
265 1175 362 1220 belli
391 1175 606 1220 Praeneste
638 1183 823 1220 ventum.
887 1176 940 1220 Id
971 1191 1055 1220 non
1086 1176 1127 1219 vi
1158 1175 1230 1220 sed
1264 1191 1336 1233 per
1366 1174 1479 1219 dedi-

156 1241 312 1285 tionem
343 1251 557 1297 receptum
586 1245 666 1284 est.
726 1240 774 1284 T.
799 1240 1028 1288 Quinctius
1056 1239 1185 1284 semel
1216 1240 1303 1284 acie
1333 1239 1477 1293 victor,
1503 1251 1542 1287 11

155 1303 266 1349 binis
300 1304 449 1349 castris
486 1304 671 1348 hostium
708 1320 855 1367 novem
899 1305 1062 1363 oppidis
1103 1305 1146 1348 vi
1183 1305 1330 1362 captis,
1370 1305 1481 1349 Prae-

157 1374 276 1414 ueste
306 1369 348 1413 in
375 1368 629 1414 deditionem
652 1374 826 1428 accepto
848 1369 1027 1414 Romam
1057 1370 1244 1422 revertit,
1274 1369 1481 1427 triumph-

158 1449 314 1492 ansque
351 1434 520 1492 signum
555 1434 771 1479 Praeneste
809 1434 1029 1479 devectum
1063 1434 1182 1478 Jovis
1217 1434 1480 1492 imperatoris

156 1498 202 1542 in
237 1498 487 1555 Capitolium
517 1498 643 1543 tulit:
677 1498 914 1543 dedicatum
947 1505 1011 1543 est
1043 1498 1155 1543 inter
1186 1498 1329 1543 cellam
1362 1499 1480 1543 Jovis

157 1578 206 1608 ac
227 1563 445 1616 Minervae,
467 1563 694 1621 tabulaque
716 1563 794 1609 sub
816 1579 865 1608 eo
888 1564 970 1608 fixa
990 1571 1310 1608 monumentum
1339 1579 1478 1608 rerum

157 1632 371 1687 gestarum
394 1628 459 1672 his
487 1627 616 1672 ferme
645 1628 776 1672 incisa
804 1628 957 1673 litteris
986 1628 1068 1672 fuit
1091 1629 1328 1686 “Juppiter
1355 1635 1481 1686 atque

159 1691 242 1736 divi
270 1707 414 1736 omnes
442 1691 522 1736 hoc
550 1691 757 1736 dederunt
785 1697 834 1736 ut
864 1693 914 1736 T.
937 1693 1166 1740 Quinctius
1198 1692 1379 1737 dictator
1409 1707 1481 1750 op-

157 1756 256 1815 pida
274 1772 424 1802 novem
446 1757 656 1814 caperet.”
718 1757 799 1802 Die
819 1758 1018 1802 vicesimo
1041 1773 1164 1816 quam
1194 1764 1360 1802 creatus
1390 1762 1481 1802 erat
1501 1766 1549 1803 12

157 1821 369 1866 dictatura
388 1837 433 1866 se
455 1821 676 1866 abdicavit.

216 1885 400 1930 Comitia
433 1885 530 1930 inde
569 1885 715 1930 habita
753 1886 1019 1931 tribunorum
1055 1885 1235 1930 militum
1272 1886 1478 1932 consulari
1496 1894 1601 1949 (30)

157 1954 382 2009 potestate,
418 1950 570 2009 quibus
606 1955 797 2008 aequatus
838 1951 1108 2008 patriciorum
1143 1950 1481 2011 plebeiorumque

157 2030 370 2060 numerus.
431 2015 499 2060 Ex
531 2015 719 2073 patribus
750 2015 880 2060 creati
908 2015 957 2060 P.
980 2021 1023 2060 et
1053 2015 1101 2060 C.
1123 2015 1273 2060 Manlii
1304 2032 1398 2062 cum
1427 2017 1478 2062 L.

158 2079 285 2133 Julio,
322 2078 465 2137 plebes
502 2079 550 2124 C.
575 2079 796 2124 Sextilium
833 2080 895 2124 M.
919 2079 1136 2124 Albinium
1171 2080 1222 2125 L.
1245 2082 1480 2126 Antistium

159 2143 289 2188 dedit.
351 2143 537 2197 Manliis‚
575 2143 687 2202 quod
727 2159 880 2203 genere
923 2144 1105 2202 plebeios
1145 2146 1283 2204 gratia
1318 2146 1345 2189 J
1347 2146 1477 2191 ulium
1496 2156 1520 2192 2

160 2209 388 2264 anteibant,
410 2208 559 2254 Vulsci
579 2208 794 2267 provincia
813 2209 902 2253 sine
923 2216 1038 2254 sorte
1058 2210 1147 2254 sine
1168 2213 1479 2269 comparatione

160 2275 283 2318 extra
304 2272 494 2319 ordinem
520 2272 633 2328 data,
655 2272 777 2332 cujus
803 2277 848 2320 et
873 2272 988 2325 ipsos
1020 2273 1240 2327 postmodo
1266 2279 1311 2322 et
1337 2280 1480 2334 patres
