1649 2452
167 78 242 116 568
475 77 520 116 T.
553 75 700 116 LIVII
732 72 1151 116 HISTORIARUM
1266 127 1313 166 [Δ
1341 128 1367 160 c
1396 126 1457 160 ⁸1²

123 178 146 215 5
162 169 396 228 principum
429 171 736 228 conjurationes
772 170 907 216 faetae.
967 170 1035 214 De
1070 168 1221 228 quibus
1256 184 1387 226 quum
1419 168 1474 214 ad

163 237 354 279 senatum
368 234 546 279 relatum
562 239 688 289 esset,
702 234 1024 293 haudquaquam
1037 233 1230 292 neglecta
1244 247 1331 277 res:
1363 247 1475 291 quae-

166 300 323 344 stiones
343 299 521 345 decretae
549 300 879 358 dictatoremque
907 298 1206 358 quaestionibus
1234 298 1475 343 exercendis

165 363 247 409 dici
285 365 470 423 placuit:
518 364 566 409 C.
588 365 771 410 Maenius
807 365 978 418 dietus3
1018 364 1054 408 is
1084 363 1147 407 M.
1170 363 1357 407 Foslium
1390 377 1477 406 ma-

125 437 147 473 6
164 429 343 487 gistrum
374 429 565 488 equit-um
593 429 712 474 dixit.
773 430 932 487 Ingens
962 432 1052 473 erat
1082 427 1354 486 magistratus
1385 429 1478 484 ejus

164 498 325 538 terror:
367 496 509 552 itaque
550 494 638 538 sive
677 495 805 538 timor
840 509 917 539 seu
950 492 1215 537 eonscientiae
1254 493 1318 536 vis
1359 491 1479 536 Cala-

167 558 255 602 vios
287 558 440 602 Ovium
476 558 854 616 Noviumque—ea
893 557 1032 615 capita
1060 556 1359 614 conjurationis
1388 555 1480 600 fue-

168 622 564 680 rant—priusquam
594 622 910 667 nominarentur
937 620 1048 679 apud
1078 620 1338 672 dictatorem,
1367 634 1480 667 mors

130 691 151 731 7
169 685 281 730 haud
301 685 425 730 dubie
446 686 528 730 ab
517 687 620 744 ipsis
641 687 827 731 conscita
848 684 1007 743 judicio
1033 684 1255 729 subtraxit.
1316 683 1481 728 Deinde

169 754 219 794 ut
247 751 468 808 quaestioni
495 751 718 808 Campanae
744 750 919 795 materia
949 749 1140 803 decessit,
1162 763 1282 793 versa
1300 748 1482 792 Romam

170 814 482 871 interpretando
513 831 605 859 res:
638 830 724 859 non
756 814 1002 859 nominatim
1033 813 1105 871 qui
1135 812 1291 871 Capuae
1330 811 1405 857 sed
1438 813 1484 856 in

168 879 412 923 universum
440 879 511 936 qui
540 895 720 937 usquam
747 880 935 924 coissent
963 877 1307 935 conjurassentve
1337 876 1484 921 adver·

170 959 241 987 sus
269 959 358 988 rem
386 943 593 1000 publicam
626 943 755 1001 quaeri
782 948 974 988 senatum
1001 942 1192 999 jussisse,
1213 947 1257 986 et
1281 941 1484 985 coitiones

170 1008 376 1052 honorum
415 1007 776 1065 adipiscendorum
816 1023 943 1052 eausa
981 1007 1114 1051 factas
1155 1006 1354 1050 adversus
1394 1021 1484 1050 rem

168 1071 377 1129 publicam
398 1087 510 1116 esse:
541 1071 748 1130 latiorque
775 1075 818 1116 et
838 1087 884 1117 re
905 1075 948 1116 et
978 1071 1166 1129 personis
1188 1070 1365 1128 quaestio
1394 1069 1486 1114 fieri

168 1135 280 1180 haud
311 1136 520 1181 abnuente
549 1136 754 1180 dictatore
781 1136 871 1180 sine
901 1136 983 1180 fine
1013 1135 1098 1179 ulla
1126 1134 1368 1193 quaestionis
1399 1149 1486 1179 suae

129 1210 152 1246 8
164 1203 238 1257 jus
269 1215 373 1244 esse.
434 1200 766 1245 Postulabantur
800 1215 900 1259 ergo
930 1199 1091 1245 nobiles
1121 1199 1309 1244 homines
1345 1198 1486 1257 appel-

169 1265 436 1323 lantibusque
475 1265 667 1310 tribunos
702 1280 823 1310 nemo
860 1268 950 1310 erat
990 1264 1144 1308 auxilio
1186 1263 1288 1322 quin
1318 1263 1487 1308 nomina

132 1330 468 1401 Oreciperentur.
545 1329 651 1374 Inde
697 1329 894 1374 nobilitas
934 1344 1011 1373 nec
1050 1328 1095 1372 hi
1134 1327 1258 1372 modo
1296 1328 1341 1372 in
1381 1343 1487 1386 quos

169 1393 327 1438 crimen
366 1393 664 1439 intendebatur
703 1393 777 1438 sed
808 1393 993 1438 universi
1026 1392 1150 1437 simul
1181 1407 1336 1451 negare
1368 1392 1488 1437 nobi-

168 1457 271 1502 h'um
301 1457 346 1502 id
376 1459 533 1503 crimen
563 1474 667 1512 esse,
700 1458 862 1517 quibus,
893 1458 930 1502 si
959 1457 1074 1502 nulla
1103 1456 1296 1502 obstetur
1327 1456 1487 1512 fraude,

168 1527 311 1580 pateat
341 1524 409 1567 via
439 1523 491 1567 ad
520 1523 732 1576 honorem,
767 1522 840 1568 sed
870 1522 1085 1567 hominum
1115 1536 1341 1566 novorum:
1373 1521 1488 1580 ipsos

167 1587 271 1632 adeo
288 1587 532 1632 dictatorem
550 1588 882 1646 magistrumque
898 1587 1087 1646 equitum
1103 1601 1196 1630 reos
1212 1586 1346 1644 magis
1363 1601 1487 1644 quam

169 1653 413 1710 quaesitores
443 1652 615 1697 idoneos
646 1653 737 1710 ejus
770 1652 953 1697 criminis
984 1667 1088 1706 esse,
1119 1650 1489 1708 intellecturosque

106 1727 152 1765 10
169 1716 230 1760 ita
255 1717 298 1762 id
325 1733 417 1762 esse
445 1717 571 1761 simul
598 1717 851 1775 magistratu
879 1715 1082 1761 abissent.
1143 1715 1251 1759 Tum
1279 1715 1489 1759 enimvero

169 1782 351 1826 Maenius
364 1783 451 1840 jam
468 1783 586 1826 famae
604 1782 736 1840 magis
752 1797 873 1839 quam
891 1780 1054 1835 imperii
1070 1795 1227 1824 memor
1243 1794 1489 1837 progressus

168 1846 212 1891 in
233 1847 433 1891 concione
461 1847 523 1890 ita
543 1846 670 1890 verba
697 1846 797 1890 feeit
817 1865 825 1889 ι
859 1848 882 1867 “
899 1846 957 1890 Et
979 1860 1122 1889 omues
1144 1848 1240 1888 ante
1268 1847 1371 1888 acta:
1391 1844 1489 1888 vitae

169 1926 243 1955 vos
266 1912 453 1956 conscios
483 1911 628 1966 habeO,
657 1911 860 1963 Quirites,
884 1914 926 1954 et
954 1910 1021 1954 hic
1050 1910 1138 1966 ipse
1165 1909 1297 1953 honos
1326 1907 1489 1952 delatus

170 1975 223 2019 ad
243 1992 308 2020 me
329 1976 451 2020 testis
473 1981 537 2020 est
554 1975 800 2020 innocentia:
817 1990 937 2018 meze:
970 1989 1105 2031 neque
1121 1973 1230 2018 enim
1248 1971 1359 2030 quod
1380 1987 1489 2029 soepe

171 2040 284 2092 alias,
309 2041 405 2097 quia
425 2040 485 2084 ita
506 2045 694 2097 tempora
715 2038 983 2097 postulabant
1005 2038 1064 2082 rei
1081 2037 1268 2095 publicae,
1288 2037 1362 2094 qui
1382 2035 1490 2080 bello

171 2104 424 2149 clarissimus
459 2108 571 2149 esset
612 2104 686 2149 sed
721 2104 791 2162 qui
827 2103 1005 2148 maxime
1039 2101 1184 2160 procul
1219 2100 1271 2145 ab
1306 2101 1371 2145 his
1406 2100 1490 2145 coi-

171 2169 356 2214 tionibus
392 2169 519 2213 vitam
552 2169 720 2228 egisset,
752 2168 933 2214 dictator
968 2166 1212 2225 deligendus
1247 2164 1490 2211 exercendis

172 2234 474 2294 quaestionibus
495 2234 601 2280 suit:
634 2233 708 2280 scd
724 2233 919 2291 quoniam
941 2231 1107 2291 quidem
1122 2229 1284 2277 nobiles
1299 2229 1489 2276 homines
