1649 2452
81 110 282 168 masa]
512 68 627 114 LIB.
655 72 780 114 VIII.
813 75 987 114 16-18.
1325 73 1401 114 503

80 169 266 215 Sidicino
297 168 508 214 exercitus
536 168 755 214 Romanus
787 184 874 214 non
908 167 1128 214 deductus.
1190 165 1398 212 Caeterum
1415 173 1438 213 7

78 233 287 279 Samnites
307 232 463 278 bellum
477 232 709 278 Alexandri
729 233 948 291 Epirensis
969 232 1015 278 in
1033 231 1231 276 Lucanos
1251 230 1398 284 traxit,

77 297 152 359 qui
179 295 264 342 duo
293 297 439 356 populi
468 296 669 342 adversus
699 313 844 356 regem
874 295 1160 343 escensionem
1193 309 1219 340 a
1257 294 1401 340 Paesto

76 362 302 408 facientem
333 362 464 421 signis
495 361 657 407 collatis
698 365 1008 422 pugnaverunt.
1067 361 1133 406 Eo
1173 359 1400 406 certamine
1414 368 1437 405 8

76 426 267 484 superior
286 425 805 480 Alexander—incertum,
822 442 904 486 qua
922 425 1005 472 fide
1025 425 1231 478 culturus,
1254 424 1291 470 si
1309 440 1400 483 per-

74 490 173 537 inde
202 494 356 536 caetera
382 491 891 550 processissent—pacem
921 506 1017 536 curn
1047 489 1252 535 Romanis
1283 489 1398 534 fecit.

74 555 237 601 Eodem
267 570 376 600 anno
406 571 557 601 census
589 560 708 601 actus
738 557 920 614 novique
947 556 1059 601 cives
1087 555 1228 600 censi:
1262 553 1438 599 tribus9

0 633 2 668 ζ
75 623 250 679 propter
268 635 341 665 eos
363 619 516 665 additae
544 620 698 665 Maecia
718 624 760 665 et
783 620 980 678 Scaptia:
1012 634 1206 665 censores
1236 617 1402 664 addide-

74 688 177 729 runt
207 685 257 739 Q.
281 684 488 729 Publilius
519 684 643 729 Philo
673 684 743 742 Sp.
766 684 1026 729 Postumius.
1088 683 1271 728 Romani
1300 683 1466 728 factilo

74 747 280 794 Acerrani
309 748 402 807 lege
433 749 485 793 ab
516 748 567 793 L.
591 748 760 806 Papirio
791 753 969 806 praetore
999 748 1098 802 lata,
1131 763 1214 807 qua
1252 747 1401 792 civitas

76 813 167 859 sine
206 812 408 872 suffragio
449 813 559 858 data.
620 813 729 858 Haec
769 828 818 858 eo
859 828 968 858 anno
1009 812 1121 858 domi
1160 812 1401 872 militiaeque
1421 816 1463 854 ll

76 881 212 938 gesta.

133 942 290 990 Foedus
317 944 543 1001 insequens
571 957 705 987 annus
734 957 809 988 seu
836 941 1082 1001 intemperie
1104 941 1198 988 coeli
1223 956 1300 987 seu
1326 941 1401 988 hu·
1417 941 1514 995 (18)

75 1021 199 1053 mana
226 1007 374 1054 fraude
401 1007 485 1052 fuit
513 1007 576 1052 M.
601 1006 777 1052 Claudio
804 1006 1008 1052 Marcello
1036 1007 1084 1052 T.
1106 1007 1277 1051 Valerio
1305 1021 1403 1052 con-

76 1072 251 1119 sulibus.
310 1073 505 1118 Flaccum
536 1072 813 1130 Potitumque
844 1073 957 1118 varie
986 1073 1032 1116 in
1059 1071 1277 1116 annalibus
1308 1083 1440 1129 cog-2

33 1155 41 1166 ·
76 1152 230 1183 nomen
264 1136 449 1184 consulis
483 1136 676 1181 invenio:
710 1140 909 1182 caeterum
949 1137 994 1181 in
1034 1151 1084 1181 co
1119 1136 1238 1195 parvi
1271 1135 1402 1181 refert

76 1201 179 1261 quid
198 1203 288 1248 veri
307 1203 389 1247 sit:
419 1201 524 1246 illud
550 1201 890 1259 pervelim—nec
917 1216 1062 1246 omnes
1084 1204 1278 1245 auctores
1303 1204 1403 1245 sunt

75 1267 348 1324 —proditum
370 1266 475 1312 falso
496 1281 602 1320 esse,
620 1267 791 1311 venenis
808 1266 1069 1324 absumptos,
1091 1280 1270 1324 quorum
1289 1280 1403 1310 mors

76 1331 273 1377 infamem
294 1347 450 1376 annum
465 1330 708 1389 pestilentia
727 1331 894 1376 fecerit:
928 1332 1039 1376 sicut
1056 1329 1248 1389 proditur
1263 1334 1404 1375 tamen

75 1412 157 1450 103,
198 1412 253 1441 110
292 1397 361 1442 cui
401 1399 622 1440 auctorum
657 1395 782 1441 fidem
821 1395 1120 1453 abrogaverim,
1159 1395 1405 1454 exponenda

77 1464 155 1505 est.
218 1462 363 1510 Quum
384 1461 587 1519 primores
617 1460 802 1506 civitatis
831 1460 1035 1505 similibus
1063 1461 1219 1505 morbis
1241 1459 1440 1506 eodem-3

76 1539 159 1583 que
188 1524 319 1570 ferme
351 1540 494 1570 omnes
531 1529 687 1570 eventu
720 1529 998 1579 morerentur,
1031 1524 1180 1570 ancilla
1215 1524 1403 1583 quaedam

76 1588 131 1633 ad
158 1590 209 1643 Q.
231 1589 407 1634 Fabium
439 1589 676 1634 Maximum
711 1589 873 1635 aedilem
904 1589 1092 1634 curulem
1127 1589 1404 1634 indicaturam

76 1669 124 1698 se
143 1668 311 1699 causam
338 1653 515 1712 publicae
535 1654 668 1712 pestis
688 1654 879 1711 professa
898 1658 976 1709 est,
999 1655 1036 1700 si
1056 1653 1107 1699 ab
1130 1669 1179 1699 00
1199 1653 1304 1698 fides
1325 1653 1406 1699 sibi

77 1717 177 1763 data
195 1722 308 1764 esset
334 1718 450 1763 haud
469 1719 665 1763 futurum
691 1719 828 1764 noxiae
855 1718 1068 1764 indicium.
1130 1718 1287 1763 Fabius
1308 1726 1443 1763 con-4

76 1782 216 1828 festim
246 1799 336 1829 rem
364 1783 416 1828 ad
445 1783 651 1837 consules,
677 1783 868 1828 consules
897 1783 950 1828 ad
977 1786 1170 1828 senatum
1201 1783 1402 1836 referunt,

76 1862 368 1907 consensuque
388 1847 546 1892 ordinis
568 1847 670 1892 fides
692 1847 820 1893 indici
841 1847 952 1893 data.
1013 1848 1122 1892 Turn
1143 1848 1402 1904 patefactum
1418 1858 1442 1894 5

76 1912 271 1958 muliebri
290 1911 438 1958 fraude
459 1913 674 1957 civitatem
701 1913 835 1971 premi
855 1916 1154 1967 matronasque
1175 1928 1225 1957 ea
1245 1928 1406 1958 venena

77 1991 257 2036 coquere
284 1981 341 2032 et,
373 1978 410 2022 si
440 1978 560 2036 sequi
588 1977 798 2034 extemplo
830 1977 973 2028 velint,
1005 1977 1229 2021 manifesto
1259 1976 1406 2036 depre-

77 2041 206 2088 hendi
239 2057 376 2102 posse.
438 2043 618 2102 Sequuti
652 2042 832 2087 indicem
868 2045 911 2087 et
945 2045 1173 2101 coquentes
1204 2044 1440 2102 quasdam6

78 2106 383 2153 medicamenta
421 2111 466 2153 et
500 2107 717 2153 recondita
752 2106 895 2151 vitalia
928 2107 1204 2152 invenerunt:
1253 2107 1405 2166 quibus

78 2170 125 2216 in
161 2171 302 2217 forum
341 2171 492 2217 delatis
532 2176 577 2218 et
617 2171 671 2217 ad
701 2171 856 2231 viginti
895 2172 1110 2227 matronis,
1148 2171 1260 2230 apud
1300 2186 1405 2230 quas

79 2233 339 2297 deprehensa
364 2240 498 2293 erant,
520 2251 596 2297 per
616 2237 820 2284 viatorem
847 2236 992 2284 accitis
1020 2234 1114 2283 duae
1141 2251 1195 2284 ex
1221 2236 1281 2284 eis
1303 2235 1406 2284 Cor-
