1649 2452
563 68 672 108 ΜΒ.
702 68 755 110 Χ.
787 69 957 108 21-23,
1349 68 1427 110 627

99 122 144 172 A:
163 121 202 154 c
220 121 313 162 πει]

98 163 211 208 viros
239 167 365 208 natos
385 162 557 216 militiae,
580 163 705 207 factis
733 177 908 235 magnos
929 162 983 207 ad
1002 161 1226 206 verborum
1254 160 1428 220 lingua}-

98 242 181 286 quc
201 227 432 272 certamina
461 227 603 282 rudes,
623 242 674 271 ca
702 226 872 286 ingenia
901 225 1137 271 consularia
1164 239 1282 270 esse:
1315 224 1428 271 calli-

97 290 174 336 dos
195 291 503 348 sollertesquc
487 291 596 349 Juris
618 296 746 348 atque
747 263 1017 349 ”eloquentiae
1038 289 1267 342 consultos,
1292 289 1426 347 qualis

96 356 207 413 App.
223 355 424 400 Claudius
447 360 571 408 essct,
592 355 686 400 urbi
703 371 750 400 ac
773 355 853 400 fori
871 354 1067 413 praesides
1088 353 1301 398 habendos
1325 370 1425 412 prae·

95 424 294 478 torcsque
315 419 367 466 ad
398 419 610 465 reddenda
627 421 725 478 jura
745 419 946 465 creandos
976 434 1081 464 esse.
1143 419 1227 464 His
1250 418 1422 475 agendis
1441 423 1464 459 4

97 483 186 530 dics
207 489 272 530 est
293 490 594 543 consumptus:
628 484 830 542 postridie
853 484 907 529 ad
927 483 1219 542 praescriptum
1240 483 1424 527 consulis

96 554 140 594 et
162 549 396 594 consularia
418 554 462 595 et
484 550 683 609 praetoria
699 549 868 595 comitia
887 548 1050 594 habita:
1083 547 1277 594 consules
1294 548 1425 594 creati

98 614 146 669 Q.
167 614 323 660 Fabius
363 619 408 659 ct
447 615 497 659 P.
521 614 693 670 Decius,
726 615 808 673 Ap.
832 613 1035 659 Claudius
1075 617 1243 671 praetor,
1276 627 1423 658 omnes

97 678 316 725 absentes:
349 686 394 725 et
423 679 474 724 L.
498 679 724 723 Volumnio
747 695 799 724 ex
826 682 999 724 senatus
1027 677 1220 723 consulto
1251 680 1294 724 et
1315 678 1423 725 scito

97 743 229 801 plebis
250 753 522 803 prorogatum
547 745 588 788 iu
610 759 764 788 annum
786 743 1008 802 imperium
1028 745 1107 787 est.

155 808 218 852 Eo
253 823 362 852 anno
398 807 589 867 prodigia
623 807 757 852 muita
789 807 976 861 fuerunt,
1010 822 1187 865 quorum
1226 805 1543 859 avem-(23)

96 872 323 917 candorum
355 888 482 918 causa
512 873 839 931 supplicationes
870 873 915 918 in
944 871 1118 917 biduum
1150 876 1322 916 senatus
1354 873 1426 916 de-

96 938 253 982 crevit:
296 937 460 996 publice
492 938 635 982 vinum
667 953 715 982 ac
752 941 824 982 tus
856 936 1106 996 praebitum:
1143 935 1426 994 supplicatum

96 1002 180 1047 iere
221 1002 463 1060 frequentes
504 1002 583 1047 viri
624 1002 885 1060 fcminaeque.
960 1001 1179 1060 Insignem
1221 999 1461 1059 supplica-2

96 1066 255 1111 tionem
275 1067 377 1112 fecit
398 1071 611 1112 certamen
630 1066 675 1111 in
695 1067 846 1112 sacello
868 1065 1090 1112 Pudicitiae
1111 1065 1312 1123 patriciae,
1329 1080 1424 1125 quae

97 1131 143 1176 in
162 1131 254 1176 foro
283 1131 453 1176 bovario
481 1136 549 1176 est
579 1131 631 1175 ad
660 1130 791 1176 aedem
818 1130 1044 1177 rotundam
1074 1128 1291 1184 HerculiS,
1313 1130 1426 1176 inter

98 1201 310 1241 matronas
338 1201 505 1242 ortum:
537 1195 781 1255 Verginiam
811 1195 913 1241 Auli
936 1195 1062 1241 filiam
1092 1194 1311 1254 patriciam
1340 1194 1425 1253 ple·

96 1259 190 1306 beio
230 1264 407 1320 nuptam
446 1261 499 1306 L.
522 1261 750 1306 Volumnio
791 1261 954 1306 consuli
993 1264 1208 1313 matronae,
1249 1259 1361 1319 quod
1401 1275 1425 1307 e

97 1325 288 1383 patribus
317 1326 568 1384 enupsisset,
599 1327 728 1372 sacris
758 1329 1004 1372 arcuerant:
1037 1325 1176 1371 brevis
1207 1324 1424 1371 altercatio

95 1390 193 1436 inde
221 1407 274 1437 ex
303 1390 521 1436 iracundia
546 1390 741 1436 muliebri
769 1391 815 1436 in
844 1391 1158 1436 contentionem
1189 1389 1424 1434 animorum

96 1455 266 1509 exarsit,
296 1471 426 1512 quum
456 1471 502 1500 se
528 1456 731 1512 Verginia
761 1460 804 1501 et
832 1456 1051 1514 patriciam
1083 1459 1126 1499 et
1157 1454 1350 1512 pudicam
1377 1454 1423 1499 in

96 1520 283 1578 patriciae
313 1519 536 1566 Pudicitiae
565 1521 770 1580 templum
800 1521 1032 1580 ingressam
1063 1524 1113 1564 ut
1142 1519 1218 1565 uni
1247 1524 1422 1578 nuptam

96 1583 149 1629 ad
170 1600 294 1643 quem
314 1585 434 1645 virgo
462 1584 645 1630 deducta
671 1586 740 1639 sit,
764 1601 842 1631 nec
870 1601 916 1631 se
935 1585 1016 1630 viri
1043 1585 1304 1630 honorumve
1331 1587 1424 1642 ejus

96 1664 145 1694 ac
174 1665 315 1694 rerum
345 1654 563 1709 gestarum
590 1650 807 1708 poenitere,
835 1665 935 1695 vero
966 1649 1230 1708 gloriaretur.
1291 1648 1460 1695 Fact03

96 1713 247 1759 deinde
268 1714 438 1774 egregio
458 1714 680 1774 magnifica
700 1715 828 1760 verba
853 1714 1050 1761 adauxit:
1082 1714 1127 1759 in
1147 1715 1239 1759 vico
1259 1713 1426 1773 Longo,

96 1778 170 1824 ubi
204 1778 434 1832 habitabat,
471 1794 525 1824 ex
559 1784 680 1838 parte
720 1779 873 1825 aedium
909 1779 1023 1840 quod
1058 1778 1162 1824 satis
1198 1784 1311 1825 esset
1342 1777 1426 1825 loci

96 1843 260 1889 modico
339 1843 444 1889 cello
477 1844 656 1889 exclusit
692 1859 890 1903 aramque
925 1844 984 1890 ibi
1015 1844 1168 1902 posuit,
1198 1846 1242 1888 et
1272 1840 1428 1888 convo·x

97 1908 202 1954 catis
234 1859 407 1967 plezeiis
436 1908 713 1953 matrimoniis
745 1912 977 1967 conquesta
1004 1908 1199 1968 injuriam
1229 1907 1426 1967 patricia-

97 1989 192 2018 rum
223 1974 392 2018 “Hanc
420 1987 499 2032 ego
527 1975 669 2018 aram''
700 1974 838 2033 inquit
864 1976 887 1997 ‘⁶
904 1973 1126 2019 Pudicitiae
1155 1972 1328 2032 plebeiae
1356 1972 1426 2018 de·

98 2037 204 2092 dico,
238 2053 398 2096 vosque
434 2037 582 2082 hortor
615 2041 678 2093 ut,
712 2037 825 2097 quod
860 2043 1073 2084 certamen
1086 2037 1277 2084 *virtutis
1311 2037 1425 2083 viros

98 2102 144 2147 in
183 2101 263 2148 hac
302 2102 475 2148 civitate
515 2106 647 2157 tenet,
685 2102 765 2149 hoc
804 2101 1020 2162 pudicitiae
1059 2102 1172 2149 inter
1210 2105 1426 2150 matronas

99 2166 156 2212 sit
196 2165 389 2229 detisque
429 2181 599 2227 operam
639 2172 690 2213 ut
729 2167 819 2213 haec
855 2182 927 2223 ara
963 2183 1088 2226 qnam
1119 2165 1290 2226 illan-si
1324 2165 1426 2227 quid

100 2232 491 2301 potest—sanctius
513 2236 554 2280 et
583 2246 607 2287 ‚a
627 2232 876 2297 castioribus
899 2233 977 2279 coli
999 2233 1205 2307 dicatur.''
1264 2231 1464 2288 Eodem-v
