1649 2452
235 81 310 119 656
553 81 597 118 T.
625 79 771 118 LIV11
804 80 1224 119 HISTORIARUM

1344 134 1544 175 [A.C.293.

198 180 221 217 5
234 172 372 217 fiebat.
434 172 642 218 Samnites
678 173 788 218 sieut
823 176 933 228 ante,
967 189 1089 232 quam
1119 174 1164 218 in
1197 175 1328 220 muris
1359 175 1550 221 viderent

235 240 430 289 armatos,
465 238 568 282 satis
604 238 731 281 animi
766 237 1003 282 habuerunt
1035 238 1088 282 ad
1123 239 1402 296 prohibendos
1433 240 1550 284 urbis

235 301 354 345 aditu
380 301 538 353 hostes,
566 301 638 354 ita,
670 305 893 360 postquam
919 302 1004 360 jam
1032 317 1117 346 non
1147 303 1444 348 eir-intervallo
1473 319 1551 349 nec

236 365 462 410 missilibus
499 365 573 410 sed
608 366 839 410 cornminus
875 366 1101 424 gerebatur
1135 382 1216 420 res,
1254 371 1298 412 et
1334 368 1406 427 qui
1441 383 1551 427 aegrc

236 433 524 474 successerant
560 446 612 474 ex
643 431 766 488 plano
796 431 841 475 in
869 446 1025 485 muros,
1056 431 1149 477 loco
1184 447 1308 490 quem
1337 433 1471 491 magis
1501 433 1552 477 ti-

234 498 430 538 muerant
451 494 576 547 victo,
600 494 722 539 facile
749 495 793 539 in
811 495 975 539 hostem
1004 496 1206 553 imparem
1233 511 1287 540 ex
1307 511 1425 554 aequo
1445 512 1552 556 pug-

233 557 403 611 nabant,
425 559 582 603 relictis
603 559 792 604 turribus
819 559 1033 614 murisque
1053 560 1098 604 in
1117 560 1256 604 sorum
1275 575 1420 605 omnes
1441 576 1552 606 eom-

233 622 345 680 pulsi
383 623 596 681 paulisper
634 623 732 668 inde
771 627 1086 680 temptaverunt
1126 628 1360 669 extremam
1400 627 1551 683 pugnae

233 687 458 742 fortunam,
481 687 630 731 deinde
661 687 836 744 abjectis
864 688 989 731 armis
1019 687 1072 732 ad
1099 688 1294 733 undecim
1321 688 1451 733 millia
1477 689 1551 734 ho-

232 751 392 795 minum
432 755 475 796 et
517 751 813 809 quadringenti
851 752 896 796 in
930 752 1055 796 fidem
1094 753 1278 797 consulis
1317 758 1548 798 venerunt:

196 819 340 860 Geaesa
369 815 423 860 ad
452 819 656 873 quattuor
684 815 814 859 millia
843 816 1078 874 octingenti
1107 817 1468 876 octoginta.—Sie
1498 817 1551 862 ad

198 879 472 924 7Cominium
508 880 567 924 sic
603 879 655 924 ad
684 879 952 938 Aquiloniam
983 885 1106 939 gesta
1134 897 1214 926 res.
1276 881 1384 926 Inde
1413 883 1550 927 medio

231 944 343 989 inter
359 944 462 988 duas
479 944 605 989 urbes
623 944 774 1002 spatio,
789 944 863 988 ubi
876 945 1004 989 tertia
1023 948 1268 1003 exspectata
1283 952 1373 990 erat
1394 961 1547 1004 pugna,

232 1008 377 1053 hostes
397 1023 483 1052 non
502 1008 687 1052 inventi:
721 1012 882 1065 septem
910 1009 1038 1053 millia
1058 1025 1256 1067 passuum
1282 1026 1412 1068 quum
1433 1010 1550 1056 abes-

233 1076 328 1117 sent
360 1088 385 1116 a
415 1073 619 1128 Cominio,
650 1073 834 1117 revocati
864 1072 915 1117 ab
947 1074 1034 1117 suis
1064 1075 1204 1118 neutri
1235 1074 1380 1132 proelio
1406 1090 1550 1120 occur-

232 1141 405 1182 rerunt:
438 1137 582 1195 primis
610 1137 742 1181 ferme
770 1137 954 1182 tenebris
982 1153 1110 1196 quum
1139 1139 1182 1183 in
1210 1144 1439 1196 conspectu
1459 1143 1548 1197 jam

233 1206 371 1246 eastra
385 1204 475 1259 jam
495 1201 762 1259 Aquiloniam
788 1201 1047 1254 habuissent,
1069 1203 1224 1247 clamor
1246 1219 1317 1248 eos
1337 1204 1549 1262 utrimque

232 1281 308 1323 par
348 1265 538 1311 accidens
579 1265 806 1310 sustinuit:
860 1265 1008 1311 deinde
1048 1268 1262 1325 regionem
1302 1273 1548 1325 castrorum,

233 1347 325 1389 quae
352 1331 523 1375 incensa
549 1329 601 1374 ab
629 1330 831 1374 Romanis
860 1335 991 1383 erant,
1021 1332 1197 1377 flammoe
1224 1334 1309 1376 late
1336 1333 1440 1377 fusae
1461 1348 1548 1378 eer-

231 1395 352 1440 tioris
388 1394 516 1439 cladis
552 1393 753 1439 indicium
787 1395 983 1452 progredi
1019 1395 1185 1455 longius
1225 1397 1467 1454 prohibuit:
1498 1413 1548 1442 eo

231 1460 323 1518 ipso
362 1459 455 1504 loco
495 1473 624 1516 prope
659 1462 817 1503 temere
853 1459 932 1504 sub
968 1460 1092 1505 armis
1134 1461 1257 1505 strati
1297 1462 1452 1518 passim
1486 1462 1549 1506 in-

233 1524 424 1580 quietum
453 1538 575 1567 omne
605 1526 773 1580 tempus
804 1523 940 1567 noctis
969 1525 1251 1582 exspectando
1278 1526 1548 1585 timendoque

230 1587 367 1632 lucem
397 1603 545 1646 egere:
577 1587 711 1644 prima
744 1587 849 1641 luce,
882 1588 1032 1633 incerti
1063 1604 1189 1646 quam
1219 1590 1263 1634 in
1293 1596 1455 1648 partem
1484 1592 1547 1636 in-

230 1652 453 1697 tenderent
469 1652 564 1705 iter,
581 1655 754 1709 repente
770 1652 814 1696 in
835 1653 976 1710 fugam
995 1658 1319 1699 consternantur
1334 1656 1545 1713 conspecti

230 1717 282 1762 ab
318 1716 542 1775 equitibus,
580 1716 652 1774 qui
687 1731 878 1774 egressos
911 1721 1036 1762 nocte
1071 1718 1123 1763 ab
1153 1718 1306 1777 oppido
1338 1720 1546 1765 Samnites

229 1781 475 1839 persequuti
508 1780 699 1825 viderant
734 1781 1047 1826 multitudinem
1082 1798 1167 1828 non
1201 1783 1308 1828 vallo
1343 1799 1428 1834 non
1462 1789 1547 1829 sta-

229 1846 415 1890 tionibus
446 1846 676 1889 firmatam:
721 1850 945 1903 conspecta
980 1856 1023 1891 et
1058 1863 1108 1892 ex
1146 1848 1275 1892 muris
1310 1849 1546 1906 Aquiloniae

229 1925 279 1954 ea
318 1909 546 1954 multitudo
582 1913 672 1954 erat
703 1909 873 1968 jamque
908 1911 1034 1955 etiam
1074 1912 1312 1970 legionariae
1351 1914 1544 1958 cohortes

230 1974 538 2032 sequebantur:
576 1980 775 2018 caeterum
814 1989 892 2019 nec
933 1975 1059 2033 pedes
1100 1976 1311 2035 fugientes
1351 1979 1544 2036 persequi

229 2039 370 2096 potuit
395 2043 439 2083 et
468 2039 519 2084 ab
545 2039 687 2096 equite
715 2039 932 2084 novissimi
953 2041 1130 2098 agminis
1158 2041 1329 2086 ducenti
1350 2042 1478 2087 ferme
1500 2048 1543 2088 et

229 2103 446 2161 octoginta
475 2104 711 2148 interfecti:
744 2118 859 2148 arma
887 2104 1021 2148 multa
1050 2105 1188 2163 pavidi
1216 2120 1264 2150 ac
1291 2106 1412 2164 signa
1439 2107 1544 2152 mili-

229 2167 337 2212 taria
356 2167 646 2226 duodeviginti
673 2167 905 2226 reliquere:
937 2168 1018 2213 alio
1045 2170 1210 2228 agmine
1234 2169 1543 2217 incolumi—ut

229 2246 282 2281 ex
302 2234 423 2278 tanta
441 2231 1014 2296 trepidatione—Bovianum
1034 2237 1282 2296 perventum
1302 2238 1381 2282 est.
