1649 2452
201 135 280 176 392
520 136 565 175 Τ.
598 134 747 174 LIVII
778 134 1195 176 HISTORIARUM
1307 187 1366 228 [A
1383 188 1419 220 c
1435 188 1492 222 381

199 227 366 280 dicitur,
398 228 472 273 sed
503 244 582 274 nec
613 245 708 274 cum
742 229 893 287 quibus
921 245 999 275 nec
1024 246 1146 288 quem
1177 229 1230 274 ad
1260 229 1382 274 finem
1414 246 1509 275 con·

199 291 291 336 silia
311 293 585 366 pervenerint,
613 295 715 339 satis
738 294 905 351 planum
925 294 1121 339 traditur.

93 353 188 405 (19)
256 356 355 409 At
343 372 388 401 m
416 361 534 415 parte
565 357 695 402 altera
722 361 892 403 senatus
923 358 974 403 de
1005 359 1237 404 secessione
1265 359 1311 403 in
1340 357 1508 403 domum

198 419 403 477 privatam
444 421 588 478 plebis,
624 421 733 466 forte
773 421 899 466 etiam
938 423 983 466 in
1013 438 1105 467 arce
1136 423 1325 481 positam,
1359 426 1403 466 et
1432 423 1510 467 im-

164 483 374 528 2minenti
395 484 502 529 mole
534 485 738 529 libertatis
770 485 915 543 agitat.
975 485 1137 558 Magna
1165 503 1259 544 pars
1281 486 1509 531 vociferan-

198 552 271 591 tur
304 548 477 593 Servilio
510 549 644 593 Ahala
674 564 778 607 opus
810 564 913 602 esse,
948 549 1020 607 qui
1054 565 1139 594 non
1168 550 1212 594 in
1243 550 1379 595 vincla
1413 549 1509 595 duci

192 610 381 668 jubendo
403 611 540 657 irritet
562 612 771 670 publicum
793 612 958 657 hostem
986 614 1058 657 sed
1079 613 1203 658 unius
1218 616 1387 670 jactura
1405 613 1508 659 civis

160 673 314 719 3finiat
334 675 580 721 intestinum
602 676 768 721 bellum.
829 677 1079 721 Decurritur
1111 676 1162 721 ad
1189 677 1386 722 leniorem
1418 693 1509 722 ver-

199 737 264 783 bis
286 740 537 784 sententiam
558 740 640 785 vim
662 745 804 785 tamen
824 741 997 785 eandem
1018 740 1252 794 habentem,
1274 745 1323 786 ut
1339 741 1508 786 videant

194 803 478 860 magistratus,
501 820 554 849 ne
585 805 684 863 quid
711 821 764 850 ex
790 805 1034 862 perniciosis
1062 805 1244 849 consiliis
1272 805 1334 849 M.
1357 805 1509 850 Manlii

156 872 259 911 4res
291 867 459 924 publica
491 867 731 914 detrimenti
762 869 911 927 capiat.
973 868 1081 913 Tum
1111 868 1270 913 tribuni
1300 869 1508 914 consulari

192 935 402 988 potestate
423 932 665 991 tribunique
686 933 950 990 plebi-nam
974 937 1017 977 et
1042 933 1139 991 quia
1159 932 1335 978 eundem
1357 937 1400 978 et
1420 949 1507 978 suae

194 997 416 1052 potestatis
458 1012 581 1054 quem
621 997 828 1042 libertatis
870 998 1054 1041 omnium
1094 998 1216 1041 finem
1266 996 1503 1050 cernebant,

192 1063 359 1116 patrum
390 1061 636 1106 auctoritati
668 1077 713 1106 se
747 1061 1080 1106 dediderant—ii
1110 1065 1201 1105 tum
1233 1076 1375 1106 omnes
1406 1060 1508 1119 quid

156 1133 296 1181 5opus
318 1126 430 1170 sacto
452 1127 507 1171 sit
524 1127 780 1172 consultant.
843 1127 989 1176 Quum
1011 1133 1162 1182 praeter
1183 1127 1264 1171 vim
1287 1131 1329 1171 et
1351 1127 1505 1172 caedem

191 1189 292 1233 nihil
324 1191 517 1248 cuiquam
552 1196 803 1244 occurreret,
834 1207 922 1236 eam
956 1196 1093 1235 autem
1123 1191 1306 1249 ingentis
1338 1191 1506 1235 dimica-

190 1253 316 1297 tionis
354 1255 441 1299 fore
477 1261 708 1312 appareret,
734 1260 823 1300 tum
860 1255 921 1299 M.
948 1256 1170 1299 Menenius
1207 1260 1249 1299 et
1286 1255 1341 1303 Q.
1365 1255 1505 1299 Publi-

189 1317 268 1361 lius
297 1318 456 1363 tribuni
484 1320 640 1377 plebis:
676 1323 700 1343 “
719 1319 834 1368 Quid
866 1325 1030 1375 patrum
1062 1325 1103 1363 et
1133 1319 1264 1376 plebis
1293 1324 1505 1364 certamen

187 1381 374 1435 facimus,
399 1383 508 1441 quod
539 1384 720 1428 civitatis
752 1399 842 1428 esse
871 1383 1069 1427 adversus
1101 1399 1226 1426 unum
1258 1383 1503 1440 pestiferum

186 1446 317 1490 civem
350 1446 508 1492 debet?
540 1448 640 1505 quid
672 1464 764 1493 cum
797 1447 916 1506 plebe
948 1447 1214 1505 adgredimur
1242 1462 1349 1500 eum,
1381 1463 1500 1505 quem

185 1524 260 1566 per
279 1510 411 1568 ipsam
447 1511 604 1567 plebem
637 1513 773 1556 tutius
803 1511 972 1569 adgredi
1005 1518 1081 1564 est,
1108 1516 1154 1555 ut
1184 1513 1270 1555 suis
1291 1511 1380 1568 ipse
1408 1526 1502 1556 one-

186 1582 302 1618 ratus
332 1575 490 1619 viribus
513 1577 642 1620 ruat?
675 1576 781 1620 diem
806 1575 941 1620 dicere
973 1575 1010 1619 ei
1041 1575 1158 1619 nobis
1179 1575 1221 1619 in
1251 1575 1387 1619 animo
1409 1580 1499 1620 est:

186 1638 287 1683 nihil
321 1639 457 1684 minus
492 1640 691 1698 populare
723 1655 844 1698 quam
877 1655 1051 1697 reguum
1085 1646 1175 1684 est:
1208 1639 1330 1684 simul
1362 1640 1501 1684 multi-

184 1702 288 1746 tudo
330 1703 400 1747 illa
435 1719 516 1748 non
553 1720 690 1749 secum
730 1704 880 1749 certari
911 1703 1092 1748 viderint
1125 1708 1167 1748 et
1201 1719 1252 1748 ex
1287 1703 1500 1748 advocatis

183 1766 346 1823 judices
384 1767 482 1812 facti
519 1774 642 1812 erunt
679 1774 721 1812 et
753 1774 1016 1812 accusatores
1048 1767 1098 1812 de
1130 1767 1249 1825 plebe
1280 1768 1498 1825 patricium

184 1845 298 1874 reum
323 1831 601 1876 intuebuntur
623 1839 665 1876 et
687 1833 804 1890 regni
826 1832 981 1877 crimen
1004 1833 1045 1875 in
1072 1831 1218 1883 medio,
1242 1831 1344 1875 nulli
1366 1833 1498 1890 magis

66 1899 306 1952 (20)quam
340 1894 520 1939 libertati
552 1896 750 1941 favebunt
782 1897 910 1940 suae.''
972 1895 1314 1952 Adprobantibus
1336 1896 1498 1940 cunctis

148 1957 291 2001 2diem
338 1959 495 2003 Manlio
537 1960 694 2005 dicunt.
766 1960 891 2008 Quod
933 1959 1004 2004 ubi
1046 1965 1110 2003 est
1153 1959 1323 2008 factum,
1366 1961 1498 2017 primo

187 2030 392 2066 commota
424 2023 538 2080 pl‹·bs
570 2030 646 2077 cst,
672 2025 816 2082 utique
847 2030 1064 2082 postquam
1099 2023 1355 2067 sordidatum
1379 2040 1494 2068 reum

187 2086 373 2130 viderunt
401 2102 476 2131 nec
506 2103 596 2132 cuni
622 2104 671 2132 eo
700 2105 782 2132 nou
805 2088 926 2132 modo
949 2093 1112 2145 patrum
1145 2103 1391 2145 quemquam
1423 2088 1496 2133 sed

185 2166 236 2194 ne
272 2158 471 2209 cognatos
506 2152 669 2209 quidem
709 2157 781 2197 aut
816 2151 983 2203 adfines,
1017 2156 1229 2209 postremo
1261 2167 1311 2195 ne
1343 2152 1494 2196 fratres

184 2215 345 2270 quidem
381 2215 530 2258 Aulum
562 2222 603 2259 et
633 2217 771 2260 Titum
805 2216 1013 2259 Manlios:
1048 2215 1156 2273 quod
1184 2215 1234 2259 ad
1261 2231 1353 2260 eum
1385 2215 1491 2260 diem

183 2294 408 2339 numquam
439 2296 519 2326 usu
546 2281 741 2336 venisset,
775 2286 822 2326 ut
852 2281 1036 2326 intanto
1067 2279 1305 2326 discrimine
1334 2295 1419 2326 non
1449 2285 1492 2326 et
