1649 2452
141 78 218 116 508
460 77 504 115 T.
537 76 685 115 LIVII
719 74 1136 115 HlSTORIARUM
1256 128 1300 167 [Α
1331 127 1356 158 c
1385 126 1446 159 324

140 170 277 226 pacati
307 170 406 223 sint,
435 185 570 228 neque
601 186 650 215 eo
681 170 786 223 loco,
815 169 890 215 nbi
919 170 1166 215 servitutem
1195 183 1287 213 esse
1313 168 1457 221 velint,

103 233 265 278 4fidem
301 234 547 291 sperandam
583 249 686 278 esse.
750 237 803 278 In
840 234 948 279 hanc
990 233 1241 278 sententiam
1280 232 1460 277 maxime

141 298 289 343 consul
322 299 413 356 ipse
446 298 664 343 inclinavit
705 298 864 343 animos
899 298 1128 343 identidem
1162 296 1214 341 ad
1249 296 1459 355 principes

140 363 444 408 sententiarum
472 362 711 407 consulares
738 363 805 406 uti
831 362 1018 407 exaudiri
1046 365 1190 419 posset
1219 377 1244 405 a
1270 360 1459 418 pluribus

140 426 328 482 dicendo,
349 442 420 471 eos
442 426 621 481 demum,
643 426 715 481 qui
735 426 841 470 nihil
869 431 1021 484 praeter
1041 442 1164 482 quam
1187 425 1239 470 de
1265 425 1459 470 libertate

102 491 341 550 5cogitent‚
370 490 517 548 dignos
549 505 641 534 esse
669 490 742 547 qui
772 491 954 536 Romani
983 490 1098 534 fiant.
1159 490 1312 547 Itaque
1342 492 1385 533 et
1415 489 1460 532 in

75 594 80 598 .
141 558 287 600 senatu
311 570 477 600 causam
495 554 714 599 obtinuere
735 558 778 598 et
799 570 851 599 ex
872 554 1123 599 auctoritate
1139 558 1307 609 patrum
1326 552 1459 596 latum

105 618 195 663 6ad
218 619 420 676 populum
442 622 507 662 est
533 622 583 662 ut
612 617 929 663 Privernatibus
958 618 1105 662 civitas
1131 617 1314 661 daretur.
1375 617 1460 660 Eo·
1483 656 1486 658 ,

143 682 238 728 dem
264 697 372 726 anno
397 683 548 726 Anxur
574 682 756 727 trecenti
778 682 823 727 in
851 682 1055 726 coloniam
1083 681 1200 725 missi
1227 683 1341 732 sunt,
1361 679 1460 724 bina

24 744 131 798 (22)
138 749 291 806 jugera
321 747 411 804 agri
441 751 704 804 acceperunt.
765 746 979 804 Sequutus
1010 749 1076 790 est
1104 760 1239 789 annus
1270 744 1385 788 nulla
1413 759 1458 788 rc

143 811 240 856 belli
279 811 442 855 domive
480 811 765 868 insignis—P.
795 811 963 854 Plautio
1004 809 1184 854 Proculo
1224 809 1274 853 P.
1303 808 1459 853 Corne-

139 875 197 920 lio
228 875 406 933 Scapula
434 875 1016 933 consulibus—praeterquam
1045 874 1157 933 quod
1186 873 1459 931 Fregellas—

140 940 425 985 Hernicorum
445 940 481 984 is
510 955 621 997 ager,
645 939 794 984 deinde
816 939 1071 984 Vulscorum
1098 937 1459 983 fuerat—colonia

141 1003 333 1057 deducta,
352 1007 395 1048 et
417 1003 571 1062 populo
593 1004 814 1048 visceratio
835 1003 934 1047 data
954 1019 978 1047 a
993 1003 1057 1047 M.
1080 1002 1224 1046 Flavio
1245 1003 1290 1046 in
1309 1002 1457 1045 funere

101 1068 300 1112 2matris.
361 1069 495 1112 Erant
531 1068 603 1125 qui
642 1083 717 1125 per
758 1068 934 1125 speciem
978 1066 1231 1111 honorandae
1270 1068 1457 1124 parentis

139 1133 332 1177 meritam
371 1132 605 1176 mercedem
646 1132 800 1189 populo
841 1132 1019 1176 solutam
1061 1131 1455 1188 interpretarentur,

138 1197 251 1255 quod
271 1213 367 1242 eum
389 1196 456 1241 die
477 1196 590 1241 dicta
610 1196 661 1240 ab
683 1196 872 1241 aedilibus
894 1196 1065 1241 crimine
1087 1198 1290 1253 stupratae
1310 1195 1457 1238 matris

136 1261 303 1306 familiae
339 1260 611 1306 absolvisset:
645 1260 744 1304 data
779 1261 999 1306 visceratio
1031 1261 1075 1304 in
1111 1259 1365 1317 praeteritam
1389 1262 1457 1315 ju-

137 1326 234 1371 dicii
258 1326 435 1384 gratiam
463 1325 633 1370 honoris
660 1325 787 1369 etiam
814 1325 854 1369 ei
880 1340 1007 1370 causa
1037 1324 1132 1378 fuit,
1153 1324 1457 1382 tribunatuque

137 1389 274 1448 plebei
294 1390 495 1448 proximis
517 1389 698 1434 comitiis
720 1389 868 1434 absens
890 1388 1133 1447 petentibus
1155 1388 1389 1446 praefertur.

99 1464 122 1500 3
196 1454 416 1512 Palaepolis
444 1454 527 1498 fnit
557 1453 669 1497 haud
696 1454 841 1511 procul
871 1453 980 1506 inde,
1009 1452 1083 1497 ubi
1113 1467 1225 1497 nunc
1254 1451 1457 1510 Neapolis

138 1519 221 1564 sita
242 1522 335 1564 est:
368 1518 530 1563 duabus
551 1518 726 1563 urbibus
754 1518 933 1576 populus
962 1517 1071 1562 idem
1100 1516 1341 1562 habitabat:
1375 1516 1456 1561 Cu-

136 1585 216 1628 mis
242 1586 362 1628 erant
391 1582 569 1636 oriundi,
594 1583 773 1627 Cumani
804 1581 1002 1627 Chalcide
1032 1581 1222 1626 Euboica
1251 1581 1456 1639 originem

98 1648 326 1695 4trahunt.
389 1647 546 1700 Classe,
571 1662 654 1704 qua
674 1646 839 1692 advecti
859 1647 910 1691 ab
933 1646 1055 1691 domo
1077 1646 1258 1698 fuerant,
1273 1645 1455 1689 multum

134 1713 179 1758 in
204 1729 278 1758 ora
304 1713 430 1757 maris
457 1715 549 1769 ejus
579 1712 690 1769 quod
720 1711 912 1756 accolunt
944 1716 1133 1768 potuere,
1155 1710 1289 1768 primo
1319 1709 1363 1753 in
1393 1710 1455 1753 in·

136 1777 248 1822 sulas
278 1777 495 1822 AEnariam
522 1779 566 1820 et
591 1776 841 1820 Pithecusas
870 1776 1041 1833 egressi,
1073 1773 1222 1818 deinde
1252 1774 1295 1818 in
1323 1774 1456 1818 conti-

102 1846 305 1887 5nentem
326 1841 418 1886 ausi
445 1839 565 1885 sedes
594 1841 835 1885 transferre.
899 1841 1004 1884 Haec
1025 1839 1172 1884 civitas
1204 1854 1333 1895 quum
1366 1839 1454 1882 suis

135 1907 293 1951 viribus
329 1910 421 1950 tum
459 1905 708 1949 Samnitium
744 1904 882 1949 infidae
913 1903 1112 1948 adversus
1144 1902 1357 1946 Romanos
1389 1918 1455 1947 so·

136 1971 280 2016 cietati
321 1971 432 2015 freta
472 1969 560 2013 sive
600 1969 864 2027 pestilentiae,
902 1984 994 2026 quae
1035 1967 1266 2011 Romanam
1308 1966 1454 2011 urbem

137 2035 284 2080 adorta
309 2034 598 2086 nuntiabatur,
619 2033 751 2077 fidens
779 2033 912 2077 inulta
938 2032 1108 2076 hostilia
1138 2031 1337 2075 adversus
1370 2031 1453 2075 Ro-

136 2115 281 2144 manos
302 2115 449 2157 agrum
471 2099 728 2156 Campanum
751 2098 1057 2154 Falernumque
1078 2095 1308 2140 incolentes
1330 2095 1450 2140 fecit:

136 2165 268 2222 igitur
299 2165 346 2208 L.
370 2163 564 2208 Cornelio
594 2162 778 2207 Lentulo
807 2162 862 2211 Q.
884 2161 1066 2207 Publilio
1094 2159 1271 2204 Philone
1299 2161 1452 2205 iterum

138 2227 378 2275 consulibus
399 2227 609 2273 fetialibus
630 2226 871 2287 Palaepolim
892 2225 944 2272 ad
959 2241 1026 2272 res
1047 2226 1294 2284 repetendas
1314 2224 1453 2271 missis

1626 792 1634 823 »Ι
