1649 2452
519 83 760 124 LIB.V11.
791 86 909 124 2-4.
1292 84 1370 129 427

53 137 304 238 ἓοιξριῖἰὸἔίὲο
331 178 490 223 animos
521 193 646 238 quam
672 194 849 252 corpora
874 177 1010 223 morbi
1039 178 1278 232 adficerent,
1308 195 1370 224 re·

52 245 235 303 petitum
281 259 335 288 ex
374 243 586 288 seniorum
630 243 831 288 memoria
878 243 1045 297 dicitur,
1088 243 1370 302 pestilentiam

53 308 263 368 quondam
282 309 400 355 clavo
421 309 472 354 ab
493 309 699 354 dictatore
720 310 803 354 fixo
823 308 1024 354 sedatam.
1084 308 1151 354 Ea
1169 308 1370 367 religione
1388 315 1412 352 3

52 373 260 420 adductus
300 377 472 418 senatus
507 373 757 419 dictatorem
797 374 905 419 clavi
939 373 1096 432 figendi
1128 389 1255 419 causa
1289 373 1372 418 diei

47 439 177 498 Jussit
195 457 205 483 :
238 437 376 483 dictus
396 438 449 483 L.
471 438 659 483 Manlius
686 439 945 496 Imperiosus
971 438 1025 484 L.
1047 438 1265 483 Pinarium
1284 454 1371 482 ma-

50 503 232 562 gistrum
251 503 442 562 equitum
462 502 582 548 dixit.
643 503 737 548 Lex
756 507 928 548 vetusta
953 506 1019 548 est
1039 502 1188 561 priscis
1216 503 1370 548 litteris
1387 508 1413 545 4

49 567 272 627 verbisque
307 567 476 626 scripta,
511 571 562 612 ut
597 567 669 626 qui
709 571 864 626 praetor
898 567 1105 612 maximus
1139 567 1195 611 sit
1232 566 1371 612 idibus

51 631 368 690 Septembribus
401 632 565 677 clavum
601 636 786 691 pangat:
829 633 914 677 fixa
948 632 1031 677 fuit
1066 631 1216 677 dextro
1248 631 1373 676 lateri

49 696 151 742 aedis
171 697 291 742 Jovis
313 697 462 753 optimi
491 696 672 752 maximi,
695 711 748 741 ex
777 712 859 755 qua
885 700 1006 755 parte
1032 696 1240 742 Minervae
1266 700 1371 741 tem·

49 761 166 820 plum
186 765 265 806 est.
325 761 437 806 Eum
462 760 639 816 clavum,
661 761 759 820 quia
784 776 889 806 rarae
911 776 986 819 per
1013 776 1064 806 ea
1082 766 1274 820 tempora
1300 761 1371 806 lit
1386 770 1410 807 5

48 829 152 871 terae
171 828 304 879 erant,
326 829 471 870 notam
490 825 657 869 numeri
677 839 881 869 annorum
908 826 1039 871 fuisse
1059 825 1216 881 ferunt,
1237 841 1371 884 eoque

48 889 254 935 Minervae
274 889 432 948 templo
454 889 635 934 dicatam
655 889 803 948 legem,
822 890 920 948 quia
940 905 1142 936 numerus
1161 890 1370 936 Minervae

49 954 268 999 inventum
295 954 365 999 sit.
426 953 632 998 Vulsiniis
664 969 830 1012 quoque
851 954 991 999 clavos
1018 954 1179 1000 indices
1206 955 1371 1000 numeri
1386 961 1410 1000 6

49 1034 254 1063 annorum
270 1019 376 1064 fixos
396 1018 442 1063 in
456 1018 614 1076 templo
634 1018 800 1064 Nortiae
815 1019 1009 1064 Etruscae
1026 1019 1114 1065 deae
1130 1035 1371 1078 comparere

49 1083 227 1142 diligens
244 1083 394 1128 talium
413 1087 782 1127 monumentorum
810 1087 958 1128 auctor
974 1084 1146 1129 Cincius
1163 1083 1369 1130 adfirmat.

47 1147 257 1193 Horatius
284 1148 432 1193 consul
460 1147 626 1206 exlege
651 1147 856 1206 templum
883 1149 911 1192 J
913 1149 1003 1193 ovis
1025 1149 1175 1207 optimi
1201 1149 1409 1194 maximi?

48 1211 256 1257 dedicavit
277 1227 386 1257 anno
406 1216 503 1270 post
524 1227 645 1270 reges
667 1216 863 1257 exactos:
897 1228 922 1257 a
942 1213 1183 1258 consulibus
1204 1218 1301 1272 post
1322 1229 1372 1259 ea

48 1277 102 1322 ad
121 1277 362 1329 dictatores,
385 1277 483 1335 quia
511 1278 646 1335 majus
665 1277 889 1335 imperium
917 1281 1020 1331 erat,
1044 1278 1245 1323 sollemne
1265 1277 1371 1323 clavi

47 1341 204 1400 figendi
223 1341 476 1387 translatum
503 1346 580 1386 est.
640 1341 891 1386 Intermisso
919 1342 1069 1387 deinde
1096 1358 1213 1388 more
1241 1342 1370 1402 digna
1385 1346 1408 1384 8

47 1406 175 1452 etiam
196 1422 270 1464 per
291 1422 337 1452 se
358 1406 449 1451 visa
468 1422 548 1461 res,
569 1411 742 1464 propter
763 1421 888 1464 quam
915 1405 1099 1452 dictator
1126 1413 1366 1452 crearetur:

47 1487 131 1530 qua
150 1471 202 1516 de
223 1487 349 1516 causa
369 1475 535 1516 creatus
556 1471 607 1515 L.
630 1469 831 1524 Manlius,
854 1471 1027 1529 perinde
1060 1486 1108 1517 ac
1135 1472 1198 1516 rei
1223 1487 1368 1531 geren-

47 1535 111 1581 dae
146 1552 194 1582 ac
227 1552 314 1581 non
352 1535 559 1581 solvendae
599 1535 813 1594 religionis
854 1537 992 1595 gratia
1031 1540 1199 1582 creatus
1240 1540 1365 1590 esset,

46 1600 202 1646 bellum
228 1602 465 1646 Hernicum
493 1600 708 1646 adfectans
737 1600 896 1646 dilectu
923 1601 1072 1646 acerbo
1095 1604 1368 1659 juventutem

46 1666 237 1726 agitavit,
272 1667 525 1725 tandemque
565 1664 758 1710 omnibus
792 1665 839 1710 in
877 1681 974 1711 eum
1013 1665 1195 1711 tribunis
1235 1665 1368 1723 plebis

46 1731 202 1776 coortis
237 1746 313 1776 seu
346 1731 389 1775 vi
421 1746 498 1776 seu
535 1729 787 1775 verecundia
826 1730 965 1775 victus
1003 1730 1215 1775 dictatura
1249 1729 1366 1774 abiit.

46 1795 199 1854 Neque
219 1811 269 1841 eo
289 1795 429 1840 minus
457 1794 661 1852 principio
687 1794 950 1852 insequentis
980 1795 1079 1840 anni
1111 1794 1165 1843 Q..
1191 1794 1367 1839 Servilio
1384 1787 1458 1841 (4)

45 1860 183 1905 Abala
207 1860 261 1906 L.
285 1860 472 1906 Genucio
501 1859 744 1905 consulibus
772 1859 860 1905 dies
889 1859 1050 1904 Manlio
1081 1858 1237 1904 dicitur
1257 1874 1283 1904 a
1302 1860 1364 1904 M.

45 1925 279 1984 Pomponio
317 1925 489 1970 tribuno
530 1924 675 1982 plebis.
737 1923 959 1969 Acerbitas
999 1923 1045 1968 in
1084 1923 1243 1969 dilectu
1281 1939 1366 1969 non
1385 1928 1410 1966 2

46 1989 199 2035 damno
233 1989 358 2036 modo
393 1990 548 2036 civium
583 1988 659 2034 sed
694 1989 821 2033 etiam
856 1987 1108 2034 laceratione
1145 2003 1366 2048 corporum

45 2053 344 2113 lata—partim
364 2055 495 2113 virgis
516 2054 634 2099 caesis
657 2054 730 2111 qui
752 2053 805 2097 ad
824 2053 994 2098 nomina
1018 2069 1103 2098 non
1130 2053 1367 2113 respondis-

47 2123 156 2174 sent,
190 2121 345 2178 partim
378 2119 424 2164 in
463 2118 630 2164 vincula
669 2118 1004 2163 ductis—invisa
1041 2122 1146 2172 erat,
1183 2122 1227 2163 et
1268 2121 1367 2164 ante

47 2184 189 2230 omnia
225 2185 412 2230 invisum
450 2184 589 2242 ipsum
630 2182 849 2242 ingenium
889 2186 1013 2228 atrox
1051 2198 1368 2243 cognomenque

50 2247 270 2309 Imperiosi
288 2264 417 2310 grave
435 2248 579 2297 liberae
605 2247 770 2295 civitati
799 2246 852 2295 ab
881 2248 1167 2298 ostentatione
1196 2248 1367 2300 mvitiae

1636 1989 1649 2452 mmm—*n
1642 1931 1649 1977 -«-.
