1649 2452
187 94 266 131 616
508 96 552 135 Τ.
576 95 727 134 LIVII
756 94 1177 135 HISTORIARUM
1295 148 1341 187 [A
1370 148 1395 180 c
1424 147 1484 181 296

186 201 337 243 agmen
363 202 591 245 aversoque
619 189 732 233 hosti
762 189 813 234 ab
843 193 965 247 tergo
991 191 1164 247 repente
1193 204 1238 232 se
1262 189 1499 235 ostendere.

146 253 169 289 9
185 250 362 308 Equites
403 251 579 296 ducibus
619 253 800 297 tribunis
840 253 954 297 haud
1000 253 1134 297 multo
1173 252 1268 310 plus
1307 251 1500 298 hostibus

185 329 309 371 quam
337 316 424 359 suis
455 332 508 360 ex
534 316 760 374 improviso
789 322 886 361 ante
917 317 1036 374 signa
1066 317 1202 361 evecti
1230 316 1500 373 praebuerunt

183 378 411 424 tumultus:
445 380 644 425 adversus
666 381 861 426 incitatas
877 385 1039 425 turmas
1056 381 1177 426 stetit
1191 381 1366 425 immota
1387 381 1501 426 Sam·

182 442 333 487 nitium
361 444 469 488 acies
497 460 575 489 nec
602 450 722 503 parte
750 445 836 489 ulla
863 445 961 503 pelli
989 449 1062 490 aut
1090 445 1304 504 perrumpi
1332 445 1499 501 potuit:

184 516 226 550 et
254 511 479 565 postquam
505 509 673 553 irritum
700 510 914 567 inceptum
943 513 1046 563 erat,
1077 509 1237 567 recepti
1264 514 1360 568 post
1381 510 1501 568 signa

122 572 168 610 10
185 571 327 628 proelio
368 577 651 617 excesserunt.
729 574 873 618 Crevit
914 589 965 618 ex
1006 588 1055 617 eo
1095 573 1283 618 hostium
1322 573 1497 627 animus,

183 651 260 680 nec
295 637 504 682 sustinere
540 639 656 683 frons
693 639 826 696 prima
859 643 947 683 tam
981 639 1156 697 longum
1191 642 1403 684 certamen
1434 639 1500 684 in-

184 705 524 760 crescentemque
563 702 717 747 fiducia
751 704 817 747 sui
856 704 941 747 vim
975 703 1196 759 potuisset,
1239 703 1283 746 ni
1317 702 1500 747 secunda

183 764 291 808 acies
308 765 428 822 jussu
453 767 635 811 consulis
656 767 700 810 in
720 767 900 824 primum
921 767 1212 811 successisset:
1244 766 1304 811 ibi
1322 767 1498 825 integrae

182 828 290 872 vires
307 830 464 874 sistunt
490 831 759 875 invehentem
787 847 832 875 se
857 833 944 889 jam
974 831 1217 886 Samnitem,
1238 834 1282 875 et
1308 834 1498 889 tempore

180 892 408 949 improvisa
437 910 490 938 ex
519 895 733 940 montibus
765 895 884 954 signa
914 895 1150 950 clamorque
1187 894 1378 939 sublatus
1413 909 1499 940 non

181 971 280 1000 vero
314 961 484 1002 tantum
519 963 637 1003 metu
673 963 863 1004 terruere
900 960 1149 1004 Samnitium
1186 959 1372 1004 animos:
1402 974 1498 1004 nam

181 1024 224 1064 et
254 1021 409 1066 Fabius
437 1023 616 1067 Decium
646 1023 847 1083 collegam
874 1023 1208 1082 adpropinquare
1236 1023 1496 1077 exclamavit,

180 1089 223 1129 et
244 1101 320 1142 pro
341 1102 386 1131 se
409 1087 586 1144 quisque
608 1087 726 1132 miles
753 1088 899 1133 adesse
920 1087 1097 1132 alterum
1119 1087 1333 1132 consulem
1353 1087 1499 1132 adesse

178 1148 363 1207 legiones
402 1151 556 1207 gaudio
589 1152 744 1196 alacres
775 1152 986 1197 fremunt:
1032 1167 1230 1210 errorque
1264 1151 1380 1196 utilis
1411 1151 1499 1196 Ro-

179 1215 311 1258 manis
351 1214 518 1259 oblatus
554 1215 666 1274 fugae
702 1216 1020 1275 formidinisque
1061 1216 1270 1260 Samnites
1309 1215 1499 1274 implevit

180 1278 444 1337 maximeque
473 1280 657 1336 territos,
688 1297 743 1325 ne
774 1281 824 1326 ab
856 1281 988 1325 altero
1019 1281 1208 1325 exercitu
1238 1281 1404 1337 integro
1435 1280 1499 1324 in-

116 1347 160 1384 11
179 1346 378 1401 tactoque
399 1344 501 1388 fessi
521 1345 869 1402 opprimerentur.
920 1345 979 1389 Et
997 1345 1095 1403 quia
1114 1345 1270 1402 passim
1289 1345 1334 1388 in
1354 1344 1495 1402 fugam

179 1407 368 1465 dissipati
406 1412 518 1461 sunt,
558 1409 693 1453 minor
729 1409 861 1454 caedes
898 1425 1022 1468 quam
1058 1424 1134 1466 pro
1168 1412 1290 1453 tanta
1323 1408 1499 1452 victoria

178 1471 287 1516 fuit:
319 1472 402 1516 tria
429 1473 558 1517 millia
587 1478 630 1518 et
659 1473 955 1532 quadringenti
983 1475 1090 1527 caesi,
1122 1474 1234 1531 capti
1264 1473 1498 1531 octingenti

178 1536 308 1581 ferme
328 1543 372 1581 et
393 1537 581 1596 triginta,
606 1539 727 1596 signa
746 1539 943 1583 militaria
963 1542 1086 1597 capta
1105 1539 1189 1583 tria
1208 1541 1251 1583 et
1273 1537 1438 1596 viginti.

70 1599 163 1653 (15)
238 1602 496 1647 Samnitibus
525 1603 656 1660 Apuli
683 1619 727 1648 se
759 1609 856 1648 ante
885 1604 1078 1662 proelium
1106 1603 1423 1661 conjunxissent
1452 1601 1497 1646 ni

177 1666 227 1710 P.
250 1667 406 1711 Decius
435 1667 581 1712 consul
611 1667 661 1712 iis
689 1667 744 1712 ad
771 1668 1062 1713 Maleventum
1093 1671 1232 1712 castra
1261 1666 1494 1725 objecisset,

141 1735 397 1776 2extractus
439 1731 588 1776 deinde
629 1731 682 1776 ad
721 1737 933 1777 certamen
973 1732 1165 1777 fudisset.
1228 1731 1296 1776 Ibi
1331 1746 1495 1790 quoque

180 1796 273 1854 plus
294 1796 406 1854 fugae
427 1796 508 1840 fuit
530 1812 655 1854 quam
676 1797 825 1842 caedis:
859 1797 942 1841 duo
962 1796 1092 1841 millia
1106 1796 1343 1855 Apulorum
1364 1810 1493 1840 caesa:

179 1865 404 1918 spretoque
431 1875 480 1905 eo
509 1861 632 1906 hoste
660 1861 817 1906 Decius
846 1862 890 1906 in
912 1861 1128 1906 Samnium
1152 1861 1338 1920 legiones
1359 1859 1493 1904 duxit.

139 1924 246 1969 3Ibi
282 1924 365 1968 duo
406 1925 645 1970 consulares
681 1927 890 1970 exercitus
923 1925 1097 1969 diversis
1129 1925 1270 1983 vagati
1305 1923 1494 1981 partibus

178 1989 316 2032 onmia
337 1990 472 2047 spatio
492 1990 676 2048 quinque
693 1991 896 2034 mensium
914 1990 1161 2034 evastarunt
1178 2006 1186 2033 :
1219 1988 1495 2046 quadraginta

178 2057 221 2097 et
243 2053 425 2111 quinque
447 2054 538 2099 loca
557 2055 601 2099 iu
623 2055 790 2098 Samnio
820 2055 937 2098 fuere
957 2055 1002 2098 in
1030 2054 1181 2112 quibus
1209 2052 1328 2097 Decii
1357 2057 1495 2096 castra

177 2117 363 2170 fuerunt,
401 2118 574 2163 alterius
610 2119 793 2164 consulis
829 2134 901 2163 sex
939 2123 982 2163 et
1019 2118 1258 2176 octoginta:
1290 2131 1367 2160 nec
1397 2116 1493 2160 valli

177 2186 343 2226 tantum
379 2197 426 2227 ac
461 2183 668 2227 fossarum
708 2183 890 2240 vestigia
929 2182 1075 2227 relicta
1113 2180 1187 2226 sed
1226 2180 1360 2225 multo
1402 2180 1492 2224 aliis

176 2245 408 2304 insigniora
434 2251 705 2294 monumenta
730 2247 942 2294 vastitatis
969 2247 1079 2292 circa
1102 2245 1403 2304 regionumque
1423 2244 1492 2291 de·
