<?xml version="1.0" encoding="UTF-8"?>
<!DOCTYPE html PUBLIC "-//W3C//DTD XHTML 1.0 Transitional//EN"
    "http://www.w3.org/TR/xhtml1/DTD/xhtml1-transitional.dtd">
<html xmlns="http://www.w3.org/1999/xhtml" xml:lang="en" lang="en">
 <head>
  <title>
</title>
<meta http-equiv="Content-Type" content="text/html;charset=utf-8" />
  <meta name='ocr-system' content='tesseract 3.04.00' />
  <meta name='ocr-capabilities' content='ocr_page ocr_carea ocr_par ocr_line ocrx_word'/>
</head>
<body>
  <div class='ocr_page' id='page_1' title='image "./historiarum00livyuoft_0137.png"; bbox 0 0 1649 2452; ppageno 0'>
   <div class='ocr_carea' id='block_1_1' title="bbox 32 46 1346 204">
    <p class='ocr_par' dir='ltr' id='par_1_1' title="bbox 32 46 1346 204">
     <span class='ocr_line' id='line_1_1' title="bbox 221 46 1346 115; baseline 0.009 -29"><span class='ocrx_word' id='word_1_1' title='bbox 221 103 237 115; x_wconf 68' lang='lat'>,</span> <span class='ocrx_word' id='word_1_2' title='bbox 479 46 593 88; x_wconf 85' lang='lat' dir='ltr'>LIB.</span> <span class='ocrx_word' id='word_1_3' title='bbox 623 48 748 89; x_wconf 79' lang='lat' dir='ltr'>VIII.</span> <span class='ocrx_word' id='word_1_4' title='bbox 779 50 816 95; x_wconf 89' lang='grc'>7,</span> <span class='ocrx_word' id='word_1_5' title='bbox 838 50 875 90; x_wconf 86' lang='grc'>8.</span> <span class='ocrx_word' id='word_1_6' title='bbox 1266 55 1346 95; x_wconf 84' lang='grc'>489</span> 
     </span>
     <span class='ocr_line' id='line_1_2' title="bbox 32 99 1346 204; baseline 0.001 -14"><span class='ocrx_word' id='word_1_7' title='bbox 32 99 544 203; x_wconf 47' lang='grc' dir='ltr'>ἓέἓῇἓὸἒῖεεοωίἰοιῶωε</span> <span class='ocrx_word' id='word_1_8' title='bbox 573 150 828 202; x_wconf 76' lang='lat' dir='ltr'>parceretur,</span> <span class='ocrx_word' id='word_1_9' title='bbox 852 145 1077 204; x_wconf 84' lang='lat' dir='ltr'>spoliisque</span> <span class='ocrx_word' id='word_1_10' title='bbox 1105 148 1346 192; x_wconf 80' lang='lat' dir='ltr'>contectum</span> 
     </span>
    </p>
   </div>
   <div class='ocr_carea' id='block_1_2' title="bbox 20 208 1439 2271">
    <p class='ocr_par' dir='ltr' id='par_1_2' title="bbox 29 208 1347 462">
     <span class='ocr_line' id='line_1_3' title="bbox 30 208 1345 268; baseline 0.002 -14"><span class='ocrx_word' id='word_1_11' title='bbox 30 208 197 267; x_wconf 82' lang='lat' dir='ltr'>juvenis</span> <span class='ocrx_word' id='word_1_12' title='bbox 218 224 384 268; x_wconf 87' lang='lat' dir='ltr'>corpus,</span> <span class='ocrx_word' id='word_1_13' title='bbox 401 214 605 268; x_wconf 87' lang='lat' dir='ltr'>quantum</span> <span class='ocrx_word' id='word_1_14' title='bbox 626 210 877 256; x_wconf 87' lang='lat' dir='ltr'>militaribus</span> <span class='ocrx_word' id='word_1_15' title='bbox 898 209 1050 254; x_wconf 90' lang='lat' dir='ltr'>studiis</span> <span class='ocrx_word' id='word_1_16' title='bbox 1070 209 1198 255; x_wconf 80' lang='lat' dir='ltr'>funus</span> <span class='ocrx_word' id='word_1_17' title='bbox 1214 210 1345 256; x_wconf 88' lang='lat' dir='ltr'>ullum</span> 
     </span>
     <span class='ocr_line' id='line_1_4' title="bbox 33 273 1347 332; baseline 0.002 -14"><span class='ocrx_word' id='word_1_18' title='bbox 33 273 313 319; x_wconf 86' lang='lat' dir='ltr'>concelebrari</span> <span class='ocrx_word' id='word_1_19' title='bbox 342 277 497 332; x_wconf 88' lang='lat' dir='ltr'>potest,</span> <span class='ocrx_word' id='word_1_20' title='bbox 525 277 689 320; x_wconf 88' lang='lat' dir='ltr'>structo</span> <span class='ocrx_word' id='word_1_21' title='bbox 720 278 843 320; x_wconf 82' lang='lat' dir='ltr'>extra</span> <span class='ocrx_word' id='word_1_22' title='bbox 870 273 1026 319; x_wconf 85' lang='lat' dir='ltr'>vallum</span> <span class='ocrx_word' id='word_1_23' title='bbox 1055 289 1160 332; x_wconf 90' lang='lat' dir='ltr'>rogo</span> <span class='ocrx_word' id='word_1_24' title='bbox 1190 290 1347 320; x_wconf 89' lang='lat' dir='ltr'>crema-</span> 
     </span>
     <span class='ocr_line' id='line_1_5' title="bbox 32 338 1346 398; baseline 0.002 -16"><span class='ocrx_word' id='word_1_25' title='bbox 32 342 162 392; x_wconf 82' lang='lat' dir='ltr'>retur,</span> <span class='ocrx_word' id='word_1_26' title='bbox 184 338 483 397; x_wconf 81' lang='lat' dir='ltr'>Manlianaque</span> <span class='ocrx_word' id='word_1_27' title='bbox 501 339 678 397; x_wconf 89' lang='lat' dir='ltr'>imperia</span> <span class='ocrx_word' id='word_1_28' title='bbox 697 355 781 384; x_wconf 82' lang='lat' dir='ltr'>non</span> <span class='ocrx_word' id='word_1_29' title='bbox 800 340 846 384; x_wconf 91' lang='lat' dir='ltr'>in</span> <span class='ocrx_word' id='word_1_30' title='bbox 865 339 1089 398; x_wconf 76' lang='lat' dir='ltr'>praesentia</span> <span class='ocrx_word' id='word_1_31' title='bbox 1108 339 1232 384; x_wconf 89' lang='lat' dir='ltr'>modo</span> <span class='ocrx_word' id='word_1_32' title='bbox 1251 340 1346 385; x_wconf 90' lang='lat' dir='ltr'>hor-</span> 
     </span>
     <span class='ocr_line' id='line_1_6' title="bbox 29 401 1228 462; baseline 0.003 -16"><span class='ocrx_word' id='word_1_33' title='bbox 29 401 161 447; x_wconf 86' lang='lat' dir='ltr'>renda</span> <span class='ocrx_word' id='word_1_34' title='bbox 179 402 254 447; x_wconf 89' lang='lat' dir='ltr'>sed</span> <span class='ocrx_word' id='word_1_35' title='bbox 273 403 451 462; x_wconf 82' lang='lat' dir='ltr'>exempli</span> <span class='ocrx_word' id='word_1_36' title='bbox 471 404 599 448; x_wconf 88' lang='lat' dir='ltr'>etiam</span> <span class='ocrx_word' id='word_1_37' title='bbox 618 405 754 449; x_wconf 89' lang='lat' dir='ltr'>tristis</span> <span class='ocrx_word' id='word_1_38' title='bbox 774 405 819 449; x_wconf 93' lang='lat' dir='ltr'>in</span> <span class='ocrx_word' id='word_1_39' title='bbox 838 407 1053 462; x_wconf 90' lang='lat' dir='ltr'>posterum</span> <span class='ocrx_word' id='word_1_40' title='bbox 1074 407 1228 449; x_wconf 81' lang='lat' dir='ltr'><strong>essent.</strong></span> 
     </span>
    </p>

    <p class='ocr_par' dir='ltr' id='par_1_3' title="bbox 20 467 1439 2271">
     <span class='ocr_line' id='line_1_7' title="bbox 89 467 1439 526; baseline 0.002 -15"><span class='ocrx_word' id='word_1_41' title='bbox 89 467 208 512; x_wconf 81' lang='lat' dir='ltr'><strong>Fecit</strong></span> <span class='ocrx_word' id='word_1_42' title='bbox 235 472 378 512; x_wconf 90' lang='lat' dir='ltr'>tamen</span> <span class='ocrx_word' id='word_1_43' title='bbox 405 468 604 513; x_wconf 80' lang='lat' dir='ltr'>atrocitas</span> <span class='ocrx_word' id='word_1_44' title='bbox 631 484 764 526; x_wconf 86' lang='lat' dir='ltr'>poenae</span> <span class='ocrx_word' id='word_1_45' title='bbox 792 468 1119 514; x_wconf 85' lang='lat' dir='ltr'>obedientiorem</span> <span class='ocrx_word' id='word_1_46' title='bbox 1146 468 1243 514; x_wconf 91' lang='lat' dir='ltr'>duci</span> <span class='ocrx_word' id='word_1_47' title='bbox 1270 469 1346 514; x_wconf 90' lang='lat' dir='ltr'>mi·</span> <span class='ocrx_word' id='word_1_48' title='bbox 1363 470 1439 526; x_wconf 88' lang='lat'>(8)</span> 
     </span>
     <span class='ocr_line' id='line_1_8' title="bbox 30 530 1345 591; baseline 0.002 -16"><span class='ocrx_word' id='word_1_49' title='bbox 30 530 160 586; x_wconf 88' lang='lat' dir='ltr'>litem,</span> <span class='ocrx_word' id='word_1_50' title='bbox 180 535 238 584; x_wconf 86' lang='lat' dir='ltr'>et,</span> <span class='ocrx_word' id='word_1_51' title='bbox 258 535 537 591; x_wconf 85' lang='lat' dir='ltr'>praeterquam</span> <span class='ocrx_word' id='word_1_52' title='bbox 559 533 672 590; x_wconf 91' lang='lat' dir='ltr'>quod</span> <span class='ocrx_word' id='word_1_53' title='bbox 692 533 894 578; x_wconf 80' lang='lat' dir='ltr'>custodiae</span> <span class='ocrx_word' id='word_1_54' title='bbox 914 532 1151 591; x_wconf 82' lang='lat' dir='ltr'>vigih&#39;aeque</span> <span class='ocrx_word' id='word_1_55' title='bbox 1171 535 1216 578; x_wconf 87' lang='lat' dir='ltr'>et</span> <span class='ocrx_word' id='word_1_56' title='bbox 1243 533 1345 579; x_wconf 91' lang='lat' dir='ltr'>ordo</span> 
     </span>
     <span class='ocr_line' id='line_1_9' title="bbox 30 596 1346 655; baseline 0.002 -15"><span class='ocrx_word' id='word_1_57' title='bbox 30 596 261 641; x_wconf 87' lang='lat' dir='ltr'>stationum</span> <span class='ocrx_word' id='word_1_58' title='bbox 280 597 519 642; x_wconf 87' lang='lat' dir='ltr'>intentioris</span> <span class='ocrx_word' id='word_1_59' title='bbox 535 597 691 655; x_wconf 91' lang='lat' dir='ltr'>ubique</span> <span class='ocrx_word' id='word_1_60' title='bbox 712 612 822 642; x_wconf 87' lang='lat' dir='ltr'>curae</span> <span class='ocrx_word' id='word_1_61' title='bbox 843 601 976 651; x_wconf 86' lang='lat' dir='ltr'>erant,</span> <span class='ocrx_word' id='word_1_62' title='bbox 992 597 1038 642; x_wconf 91' lang='lat' dir='ltr'>in</span> <span class='ocrx_word' id='word_1_63' title='bbox 1053 597 1203 642; x_wconf 87' lang='lat' dir='ltr'>ultimo</span> <span class='ocrx_word' id='word_1_64' title='bbox 1219 599 1346 643; x_wconf 90' lang='lat' dir='ltr'>etiam</span> 
     </span>
     <span class='ocr_line' id='line_1_10' title="bbox 30 660 1345 719; baseline 0.002 -15"><span class='ocrx_word' id='word_1_65' title='bbox 30 660 268 714; x_wconf 84' lang='lat' dir='ltr'>certamine,</span> <span class='ocrx_word' id='word_1_66' title='bbox 293 677 422 719; x_wconf 89' lang='lat' dir='ltr'>quum</span> <span class='ocrx_word' id='word_1_67' title='bbox 450 661 697 706; x_wconf 83' lang='lat' dir='ltr'>descensum</span> <span class='ocrx_word' id='word_1_68' title='bbox 726 662 771 706; x_wconf 91' lang='lat' dir='ltr'>in</span> <span class='ocrx_word' id='word_1_69' title='bbox 801 662 931 706; x_wconf 84' lang='lat' dir='ltr'>aciem</span> <span class='ocrx_word' id='word_1_70' title='bbox 958 665 1038 715; x_wconf 88' lang='lat' dir='ltr'>est,</span> <span class='ocrx_word' id='word_1_71' title='bbox 1068 677 1117 706; x_wconf 91' lang='lat' dir='ltr'>ea</span> <span class='ocrx_word' id='word_1_72' title='bbox 1144 663 1345 708; x_wconf 85' lang='lat' dir='ltr'>severitas</span> 
     </span>
     <span class='ocr_line' id='line_1_11' title="bbox 29 724 1386 785; baseline 0.001 -17"><span class='ocrx_word' id='word_1_73' title='bbox 29 724 201 782; x_wconf 88' lang='lat' dir='ltr'>profuit.</span> <span class='ocrx_word' id='word_1_74' title='bbox 262 725 362 770; x_wconf 82' lang='lat' dir='ltr'>Fuit</span> <span class='ocrx_word' id='word_1_75' title='bbox 384 731 524 770; x_wconf 85' lang='lat' dir='ltr'>autem</span> <span class='ocrx_word' id='word_1_76' title='bbox 546 725 657 771; x_wconf 83' lang='lat' dir='ltr'>civili</span> <span class='ocrx_word' id='word_1_77' title='bbox 683 726 863 770; x_wconf 72' lang='lat' dir='ltr'>mam&#39;me</span> <span class='ocrx_word' id='word_1_78' title='bbox 883 725 992 771; x_wconf 90' lang='lat' dir='ltr'>bello</span> <span class='ocrx_word' id='word_1_79' title='bbox 1013 741 1156 785; x_wconf 88' lang='lat' dir='ltr'>pugna</span> <span class='ocrx_word' id='word_1_80' title='bbox 1185 727 1342 781; x_wconf 90' lang='lat' dir='ltr'>similis,</span> <span class='ocrx_word' id='word_1_81' title='bbox 1362 734 1386 770; x_wconf 90' lang='lat'>2</span> 
     </span>
     <span class='ocr_line' id='line_1_12' title="bbox 28 789 1347 849; baseline 0.002 -16"><span class='ocrx_word' id='word_1_82' title='bbox 28 789 132 834; x_wconf 88' lang='lat' dir='ltr'>adeo</span> <span class='ocrx_word' id='word_1_83' title='bbox 151 789 256 834; x_wconf 87' lang='lat' dir='ltr'>nihil</span> <span class='ocrx_word' id='word_1_84' title='bbox 276 790 388 848; x_wconf 89' lang='lat' dir='ltr'>apud</span> <span class='ocrx_word' id='word_1_85' title='bbox 407 790 585 834; x_wconf 90' lang='lat' dir='ltr'>Latinos</span> <span class='ocrx_word' id='word_1_86' title='bbox 607 790 818 834; x_wconf 89' lang='lat' dir='ltr'>dissonum</span> <span class='ocrx_word' id='word_1_87' title='bbox 843 790 894 835; x_wconf 89' lang='lat' dir='ltr'>ab</span> <span class='ocrx_word' id='word_1_88' title='bbox 915 790 1108 835; x_wconf 89' lang='lat' dir='ltr'>Romana</span> <span class='ocrx_word' id='word_1_89' title='bbox 1127 806 1174 835; x_wconf 91' lang='lat' dir='ltr'>re</span> <span class='ocrx_word' id='word_1_90' title='bbox 1194 796 1347 849; x_wconf 82' lang='lat' dir='ltr'>praeter</span> 
     </span>
     <span class='ocr_line' id='line_1_13' title="bbox 28 854 1344 912; baseline 0.002 -14"><span class='ocrx_word' id='word_1_91' title='bbox 28 855 188 899; x_wconf 89' lang='lat' dir='ltr'>animos</span> <span class='ocrx_word' id='word_1_92' title='bbox 230 859 332 899; x_wconf 89' lang='lat' dir='ltr'>erat.</span> <span class='ocrx_word' id='word_1_93' title='bbox 396 854 551 912; x_wconf 88' lang='lat' dir='ltr'>Clipeis</span> <span class='ocrx_word' id='word_1_94' title='bbox 592 858 716 899; x_wconf 86' lang='lat' dir='ltr'>antea</span> <span class='ocrx_word' id='word_1_95' title='bbox 758 855 939 900; x_wconf 86' lang='lat' dir='ltr'>Romani</span> <span class='ocrx_word' id='word_1_96' title='bbox 978 855 1046 900; x_wconf 89' lang='grc'>1151</span> <span class='ocrx_word' id='word_1_97' title='bbox 1086 859 1198 911; x_wconf 84' lang='grc'>511111;,</span> <span class='ocrx_word' id='word_1_98' title='bbox 1235 856 1344 910; x_wconf 90' lang='lat' dir='ltr'>dein,</span> 
     </span>
     <span class='ocr_line' id='line_1_14' title="bbox 29 919 1346 979; baseline 0.002 -16"><span class='ocrx_word' id='word_1_99' title='bbox 29 922 252 977; x_wconf 87' lang='lat' dir='ltr'>postquam</span> <span class='ocrx_word' id='word_1_100' title='bbox 282 919 544 975; x_wconf 86' lang='lat' dir='ltr'>stipendiarii</span> <span class='ocrx_word' id='word_1_101' title='bbox 577 919 680 964; x_wconf 85' lang='lat' dir='ltr'>facti</span> <span class='ocrx_word' id='word_1_102' title='bbox 711 923 823 973; x_wconf 89' lang='lat' dir='ltr'>sunt,</span> <span class='ocrx_word' id='word_1_103' title='bbox 857 925 978 964; x_wconf 87' lang='lat' dir='ltr'>scuta</span> <span class='ocrx_word' id='word_1_104' title='bbox 1006 935 1082 978; x_wconf 92' lang='lat' dir='ltr'>pro</span> <span class='ocrx_word' id='word_1_105' title='bbox 1113 920 1256 979; x_wconf 86' lang='lat' dir='ltr'>clipeis</span> <span class='ocrx_word' id='word_1_106' title='bbox 1285 921 1346 966; x_wconf 88' lang='lat' dir='ltr'>fe-</span> 
     </span>
     <span class='ocr_line' id='line_1_15' title="bbox 27 983 1344 1043; baseline 0.002 -15"><span class='ocrx_word' id='word_1_107' title='bbox 27 998 148 1029; x_wconf 84' lang='lat' dir='ltr'>cere:</span> <span class='ocrx_word' id='word_1_108' title='bbox 193 987 250 1037; x_wconf 92' lang='lat' dir='ltr'>et,</span> <span class='ocrx_word' id='word_1_109' title='bbox 288 983 401 1042; x_wconf 90' lang='lat' dir='ltr'>quod</span> <span class='ocrx_word' id='word_1_110' title='bbox 436 987 560 1028; x_wconf 89' lang='lat' dir='ltr'>antea</span> <span class='ocrx_word' id='word_1_111' title='bbox 593 984 822 1043; x_wconf 86' lang='lat' dir='ltr'>phalanges</span> <span class='ocrx_word' id='word_1_112' title='bbox 858 985 1015 1029; x_wconf 90' lang='lat' dir='ltr'>similes</span> <span class='ocrx_word' id='word_1_113' title='bbox 1045 984 1344 1039; x_wconf 87' lang='lat' dir='ltr'>Macedonicis,</span> 
     </span>
     <span class='ocr_line' id='line_1_16' title="bbox 28 1047 1347 1107; baseline 0.002 -15"><span class='ocrx_word' id='word_1_114' title='bbox 28 1048 108 1093; x_wconf 88' lang='lat' dir='ltr'>hoc</span> <span class='ocrx_word' id='word_1_115' title='bbox 127 1051 225 1106; x_wconf 90' lang='lat' dir='ltr'>post</span> <span class='ocrx_word' id='word_1_116' title='bbox 246 1063 296 1092; x_wconf 93' lang='lat' dir='ltr'>ea</span> <span class='ocrx_word' id='word_1_117' title='bbox 314 1047 608 1105; x_wconf 88' lang='lat' dir='ltr'>manipulatim</span> <span class='ocrx_word' id='word_1_118' title='bbox 633 1053 798 1093; x_wconf 88' lang='lat' dir='ltr'>structa</span> <span class='ocrx_word' id='word_1_119' title='bbox 818 1049 927 1093; x_wconf 91' lang='lat' dir='ltr'>acies</span> <span class='ocrx_word' id='word_1_120' title='bbox 957 1050 1084 1107; x_wconf 85' lang='lat' dir='ltr'>coepit</span> <span class='ocrx_word' id='word_1_121' title='bbox 1105 1064 1222 1094; x_wconf 87' lang='lat' dir='ltr'>esse:</span> <span class='ocrx_word' id='word_1_122' title='bbox 1254 1065 1347 1107; x_wconf 89' lang='lat' dir='ltr'>pos-</span> 
     </span>
     <span class='ocr_line' id='line_1_17' title="bbox 24 1112 1387 1170; baseline 0 -13"><span class='ocrx_word' id='word_1_123' title='bbox 24 1117 161 1158; x_wconf 88' lang='lat' dir='ltr'>tremo</span> <span class='ocrx_word' id='word_1_124' title='bbox 200 1113 246 1157; x_wconf 90' lang='lat' dir='ltr'>in</span> <span class='ocrx_word' id='word_1_125' title='bbox 284 1112 425 1170; x_wconf 86' lang='lat' dir='ltr'>plures</span> <span class='ocrx_word' id='word_1_126' title='bbox 465 1112 632 1157; x_wconf 84' lang='lat' dir='ltr'>ordines</span> <span class='ocrx_word' id='word_1_127' title='bbox 672 1113 1004 1158; x_wconf 86' lang='lat' dir='ltr'>instruebantur.</span> <span class='ocrx_word' id='word_1_128' title='bbox 1072 1114 1188 1159; x_wconf 92' lang='lat' dir='ltr'>Ordo</span> <span class='ocrx_word' id='word_1_129' title='bbox 1229 1120 1387 1159; x_wconf 86' lang='lat' dir='ltr'>sexa-3</span> 
     </span>
     <span class='ocr_line' id='line_1_18' title="bbox 25 1176 1347 1236; baseline 0 -14"><span class='ocrx_word' id='word_1_130' title='bbox 25 1192 156 1236; x_wconf 91' lang='lat' dir='ltr'>genos</span> <span class='ocrx_word' id='word_1_131' title='bbox 182 1177 351 1230; x_wconf 86' lang='lat' dir='ltr'>milites,</span> <span class='ocrx_word' id='word_1_132' title='bbox 381 1176 487 1222; x_wconf 90' lang='lat' dir='ltr'>duos</span> <span class='ocrx_word' id='word_1_133' title='bbox 518 1179 797 1232; x_wconf 88' lang='lat' dir='ltr'>centuriones,</span> <span class='ocrx_word' id='word_1_134' title='bbox 823 1178 1086 1223; x_wconf 77' lang='lat' dir='ltr'>vexillarium</span> <span class='ocrx_word' id='word_1_135' title='bbox 1115 1195 1246 1223; x_wconf 92' lang='lat' dir='ltr'>unum</span> <span class='ocrx_word' id='word_1_136' title='bbox 1273 1179 1347 1222; x_wconf 89' lang='lat' dir='ltr'>ha-</span> 
     </span>
     <span class='ocr_line' id='line_1_19' title="bbox 24 1241 1387 1302; baseline 0.001 -16"><span class='ocrx_word' id='word_1_137' title='bbox 24 1241 162 1287; x_wconf 88' lang='lat' dir='ltr'>bebat.</span> <span class='ocrx_word' id='word_1_138' title='bbox 221 1242 364 1287; x_wconf 90' lang='lat' dir='ltr'>Prima</span> <span class='ocrx_word' id='word_1_139' title='bbox 391 1242 500 1287; x_wconf 88' lang='lat' dir='ltr'>acies</span> <span class='ocrx_word' id='word_1_140' title='bbox 530 1242 689 1287; x_wconf 86' lang='lat' dir='ltr'>hastati</span> <span class='ocrx_word' id='word_1_141' title='bbox 718 1246 850 1297; x_wconf 86' lang='lat' dir='ltr'>erant,</span> <span class='ocrx_word' id='word_1_142' title='bbox 879 1243 1082 1301; x_wconf 88' lang='lat' dir='ltr'>manipuli</span> <span class='ocrx_word' id='word_1_143' title='bbox 1109 1243 1387 1302; x_wconf 82' lang='lat' dir='ltr'>quindecim4</span> 
     </span>
     <span class='ocr_line' id='line_1_20' title="bbox 24 1306 1346 1366; baseline 0.001 -15"><span class='ocrx_word' id='word_1_144' title='bbox 24 1306 230 1352; x_wconf 83' lang='lat' dir='ltr'>distantes</span> <span class='ocrx_word' id='word_1_145' title='bbox 245 1307 358 1352; x_wconf 89' lang='lat' dir='ltr'>inter</span> <span class='ocrx_word' id='word_1_146' title='bbox 378 1322 423 1352; x_wconf 89' lang='lat' dir='ltr'>se</span> <span class='ocrx_word' id='word_1_147' title='bbox 442 1306 653 1352; x_wconf 79' lang='lat' dir='ltr'>modicum</span> <span class='ocrx_word' id='word_1_148' title='bbox 669 1308 872 1366; x_wconf 89' lang='lat' dir='ltr'>spatium:</span> <span class='ocrx_word' id='word_1_149' title='bbox 906 1307 1144 1366; x_wconf 87' lang='lat' dir='ltr'>manipulus</span> <span class='ocrx_word' id='word_1_150' title='bbox 1160 1308 1273 1353; x_wconf 80' lang='lat' dir='ltr'>leves</span> <span class='ocrx_word' id='word_1_151' title='bbox 1288 1308 1346 1352; x_wconf 83' lang='lat' dir='ltr'>vi-</span> 
     </span>
     <span class='ocr_line' id='line_1_21' title="bbox 24 1371 1345 1424; baseline 0.001 -9"><span class='ocrx_word' id='word_1_152' title='bbox 24 1386 149 1416; x_wconf 88' lang='lat' dir='ltr'>cenos</span> <span class='ocrx_word' id='word_1_153' title='bbox 170 1371 337 1424; x_wconf 88' lang='lat' dir='ltr'>milites,</span> <span class='ocrx_word' id='word_1_154' title='bbox 361 1371 482 1416; x_wconf 86' lang='lat' dir='ltr'>aliam</span> <span class='ocrx_word' id='word_1_155' title='bbox 508 1371 678 1417; x_wconf 87' lang='lat' dir='ltr'>turbam</span> <span class='ocrx_word' id='word_1_156' title='bbox 699 1377 963 1417; x_wconf 88' lang='lat' dir='ltr'>scutatorum</span> <span class='ocrx_word' id='word_1_157' title='bbox 990 1371 1200 1417; x_wconf 87' lang='lat' dir='ltr'>habebat:</span> <span class='ocrx_word' id='word_1_158' title='bbox 1232 1372 1345 1417; x_wconf 87' lang='lat' dir='ltr'>leves</span> 
     </span>
     <span class='ocr_line' id='line_1_22' title="bbox 23 1436 1345 1496; baseline 0.002 -16"><span class='ocrx_word' id='word_1_159' title='bbox 23 1440 164 1481; x_wconf 87' lang='lat' dir='ltr'>autem</span> <span class='ocrx_word' id='word_1_160' title='bbox 197 1437 270 1494; x_wconf 90' lang='lat' dir='ltr'>qui</span> <span class='ocrx_word' id='word_1_161' title='bbox 299 1436 465 1480; x_wconf 87' lang='lat' dir='ltr'>hastam</span> <span class='ocrx_word' id='word_1_162' title='bbox 494 1440 664 1481; x_wconf 89' lang='lat' dir='ltr'>tantum</span> <span class='ocrx_word' id='word_1_163' title='bbox 693 1453 888 1496; x_wconf 86' lang='lat' dir='ltr'>gaesaque</span> <span class='ocrx_word' id='word_1_164' title='bbox 916 1442 1114 1496; x_wconf 88' lang='lat' dir='ltr'>gererent</span> <span class='ocrx_word' id='word_1_165' title='bbox 1140 1437 1345 1482; x_wconf 85' lang='lat' dir='ltr'>vocaban-</span> 
     </span>
     <span class='ocr_line' id='line_1_23' title="bbox 22 1501 1384 1560; baseline 0 -15"><span class='ocrx_word' id='word_1_166' title='bbox 22 1505 106 1545; x_wconf 87' lang='lat' dir='ltr'>tur.</span> <span class='ocrx_word' id='word_1_167' title='bbox 166 1501 274 1546; x_wconf 88' lang='lat' dir='ltr'>Haec</span> <span class='ocrx_word' id='word_1_168' title='bbox 295 1501 430 1559; x_wconf 86' lang='lat' dir='ltr'>prima</span> <span class='ocrx_word' id='word_1_169' title='bbox 449 1501 551 1546; x_wconf 88' lang='lat' dir='ltr'>foris</span> <span class='ocrx_word' id='word_1_170' title='bbox 571 1501 617 1546; x_wconf 90' lang='lat' dir='ltr'>in</span> <span class='ocrx_word' id='word_1_171' title='bbox 643 1503 774 1546; x_wconf 88' lang='lat' dir='ltr'>aciem</span> <span class='ocrx_word' id='word_1_172' title='bbox 794 1502 939 1546; x_wconf 91' lang='lat' dir='ltr'>florem</span> <span class='ocrx_word' id='word_1_173' title='bbox 954 1505 1162 1560; x_wconf 86' lang='lat' dir='ltr'>juvenum</span> <span class='ocrx_word' id='word_1_174' title='bbox 1193 1501 1345 1560; x_wconf 89' lang='lat' dir='ltr'>pubes·</span> <span class='ocrx_word' id='word_1_175' title='bbox 1361 1508 1384 1545; x_wconf 89' lang='lat'><strong><em>5</em></strong></span> 
     </span>
     <span class='ocr_line' id='line_1_24' title="bbox 22 1565 1383 1611; baseline -0.001 -1"><span class='ocrx_word' id='word_1_176' title='bbox 22 1565 209 1610; x_wconf 89' lang='lat' dir='ltr'>centium</span> <span class='ocrx_word' id='word_1_177' title='bbox 249 1565 301 1609; x_wconf 89' lang='lat' dir='ltr'>ad</span> <span class='ocrx_word' id='word_1_178' title='bbox 341 1565 534 1610; x_wconf 89' lang='lat' dir='ltr'>militiam</span> <span class='ocrx_word' id='word_1_179' title='bbox 572 1565 767 1611; x_wconf 87' lang='lat' dir='ltr'>habebat.</span> <span class='ocrx_word' id='word_1_180' title='bbox 830 1566 1066 1611; x_wconf 89' lang='lat' dir='ltr'>Robustior</span> <span class='ocrx_word' id='word_1_181' title='bbox 1105 1566 1203 1611; x_wconf 91' lang='lat' dir='ltr'>inde</span> <span class='ocrx_word' id='word_1_182' title='bbox 1243 1569 1344 1611; x_wconf 86' lang='lat' dir='ltr'>aetas</span> <span class='ocrx_word' id='word_1_183' title='bbox 1360 1572 1383 1609; x_wconf 95' lang='lat'><strong>6</strong></span> 
     </span>
     <span class='ocr_line' id='line_1_25' title="bbox 21 1630 1345 1689; baseline 0 -15"><span class='ocrx_word' id='word_1_184' title='bbox 21 1630 199 1675; x_wconf 92' lang='lat' dir='ltr'>totidem</span> <span class='ocrx_word' id='word_1_185' title='bbox 239 1630 761 1689; x_wconf 88' lang='lat' dir='ltr'>manipulorum—quibus</span> <span class='ocrx_word' id='word_1_186' title='bbox 792 1631 1051 1689; x_wconf 89' lang='lat' dir='ltr'>principibus</span> <span class='ocrx_word' id='word_1_187' title='bbox 1095 1635 1162 1676; x_wconf 91' lang='lat' dir='ltr'>est</span> <span class='ocrx_word' id='word_1_188' title='bbox 1191 1646 1345 1675; x_wconf 92' lang='lat' dir='ltr'>nomen</span> 
     </span>
     <span class='ocr_line' id='line_1_26' title="bbox 20 1694 1344 1754; baseline 0.001 -15"><span class='ocrx_word' id='word_1_189' title='bbox 20 1695 156 1739; x_wconf 89' lang='lat' dir='ltr'>—hos</span> <span class='ocrx_word' id='word_1_190' title='bbox 192 1694 488 1752; x_wconf 87' lang='lat' dir='ltr'>sequebantur,</span> <span class='ocrx_word' id='word_1_191' title='bbox 522 1696 679 1740; x_wconf 87' lang='lat' dir='ltr'>scutati</span> <span class='ocrx_word' id='word_1_192' title='bbox 713 1710 857 1740; x_wconf 89' lang='lat' dir='ltr'>omnes</span> <span class='ocrx_word' id='word_1_193' title='bbox 893 1695 1130 1754; x_wconf 86' lang='lat' dir='ltr'>insignibus</span> <span class='ocrx_word' id='word_1_194' title='bbox 1164 1695 1344 1740; x_wconf 77' lang='lat' dir='ltr'>maxime</span> 
     </span>
     <span class='ocr_line' id='line_1_27' title="bbox 21 1759 1382 1833; baseline 0.001 -30.001"><span class='ocrx_word' id='word_1_195' title='bbox 21 1759 160 1804; x_wconf 85' lang='lat' dir='ltr'>armis.</span> <span class='ocrx_word' id='word_1_196' title='bbox 221 1759 321 1804; x_wconf 92' lang='lat' dir='ltr'>Hoc</span> <span class='ocrx_word' id='word_1_197' title='bbox 350 1760 527 1817; x_wconf 85' lang='lat' dir='ltr'>triginta</span> <span class='ocrx_word' id='word_1_198' title='bbox 556 1759 863 1833; x_wconf 81' lang='lat' dir='ltr'>manipulorum</span> <span class='ocrx_word' id='word_1_199' title='bbox 895 1775 1048 1819; x_wconf 85' lang='lat' dir='ltr'>agmen</span> <span class='ocrx_word' id='word_1_200' title='bbox 1083 1759 1382 1818; x_wconf 73' lang='lat' dir='ltr'>antepilanos?</span> 
     </span>
     <span class='ocr_line' id='line_1_28' title="bbox 21 1823 1343 1884; baseline 0.001 -15"><span class='ocrx_word' id='word_1_201' title='bbox 21 1823 298 1882; x_wconf 89' lang='lat' dir='ltr'>appellabant,</span> <span class='ocrx_word' id='word_1_202' title='bbox 322 1825 420 1884; x_wconf 92' lang='lat' dir='ltr'>quia</span> <span class='ocrx_word' id='word_1_203' title='bbox 440 1824 519 1869; x_wconf 93' lang='lat' dir='ltr'>sub</span> <span class='ocrx_word' id='word_1_204' title='bbox 547 1825 678 1883; x_wconf 87' lang='lat' dir='ltr'>signis</span> <span class='ocrx_word' id='word_1_205' title='bbox 702 1825 789 1883; x_wconf 88' lang='lat' dir='ltr'>jam</span> <span class='ocrx_word' id='word_1_206' title='bbox 811 1824 881 1869; x_wconf 87' lang='lat' dir='ltr'>alii</span> <span class='ocrx_word' id='word_1_207' title='bbox 912 1825 1149 1883; x_wconf 84' lang='lat' dir='ltr'>quindecim</span> <span class='ocrx_word' id='word_1_208' title='bbox 1176 1824 1343 1870; x_wconf 89' lang='lat' dir='ltr'>ordines</span> 
     </span>
     <span class='ocr_line' id='line_1_29' title="bbox 20 1889 1343 1948; baseline 0.001 -15"><span class='ocrx_word' id='word_1_209' title='bbox 20 1889 277 1943; x_wconf 86' lang='lat' dir='ltr'>locabantur,</span> <span class='ocrx_word' id='word_1_210' title='bbox 315 1905 367 1934; x_wconf 83' lang='lat' dir='ltr'>ex</span> <span class='ocrx_word' id='word_1_211' title='bbox 404 1889 556 1948; x_wconf 88' lang='lat' dir='ltr'>quibus</span> <span class='ocrx_word' id='word_1_212' title='bbox 596 1889 698 1934; x_wconf 92' lang='lat' dir='ltr'>ordo</span> <span class='ocrx_word' id='word_1_213' title='bbox 730 1905 841 1934; x_wconf 90' lang='grc'>1111115</span> <span class='ocrx_word' id='word_1_214' title='bbox 874 1889 1052 1948; x_wconf 89' lang='lat' dir='ltr'>quisque</span> <span class='ocrx_word' id='word_1_215' title='bbox 1081 1893 1170 1935; x_wconf 91' lang='lat' dir='ltr'>tres</span> <span class='ocrx_word' id='word_1_216' title='bbox 1200 1893 1343 1948; x_wconf 84' lang='lat' dir='ltr'>partes</span> 
     </span>
     <span class='ocr_line' id='line_1_30' title="bbox 21 1953 1343 2013; baseline 0.001 -16"><span class='ocrx_word' id='word_1_217' title='bbox 21 1953 406 1999; x_wconf 83' lang='lat' dir='ltr'>habebat—earum</span> <span class='ocrx_word' id='word_1_218' title='bbox 427 1970 555 1999; x_wconf 90' lang='lat' dir='ltr'>unam</span> <span class='ocrx_word' id='word_1_219' title='bbox 576 1969 784 2013; x_wconf 90' lang='lat' dir='ltr'>quamque</span> <span class='ocrx_word' id='word_1_220' title='bbox 811 1954 987 2012; x_wconf 86' lang='lat' dir='ltr'>primam</span> <span class='ocrx_word' id='word_1_221' title='bbox 1009 1954 1190 2012; x_wconf 87' lang='lat' dir='ltr'>primum</span> <span class='ocrx_word' id='word_1_222' title='bbox 1211 1953 1343 2013; x_wconf 92' lang='lat' dir='ltr'>pilum</span> 
     </span>
     <span class='ocr_line' id='line_1_31' title="bbox 21 2017 1344 2072; baseline 0.002 -11"><span class='ocrx_word' id='word_1_223' title='bbox 21 2017 298 2071; x_wconf 87' lang='lat' dir='ltr'>vocabant—,</span> <span class='ocrx_word' id='word_1_224' title='bbox 318 2018 456 2064; x_wconf 87' lang='lat' dir='ltr'>tribus</span> <span class='ocrx_word' id='word_1_225' title='bbox 477 2035 530 2064; x_wconf 86' lang='lat' dir='ltr'>ex</span> <span class='ocrx_word' id='word_1_226' title='bbox 550 2018 712 2063; x_wconf 83' lang='lat' dir='ltr'>vexillis</span> <span class='ocrx_word' id='word_1_227' title='bbox 734 2018 966 2072; x_wconf 89' lang='lat' dir='ltr'>constabat,</span> <span class='ocrx_word' id='word_1_228' title='bbox 988 2019 1141 2063; x_wconf 76' lang='lat' dir='ltr'>vexilla</span> <span class='ocrx_word' id='word_1_229' title='bbox 1160 2032 1218 2063; x_wconf 89' lang='lat'>111</span> <span class='ocrx_word' id='word_1_230' title='bbox 1248 2034 1344 2064; x_wconf 91' lang='lat' dir='ltr'>cen-</span> 
     </span>
     <span class='ocr_line' id='line_1_32' title="bbox 21 2083 1344 2142; baseline 0.002 -16"><span class='ocrx_word' id='word_1_231' title='bbox 21 2085 114 2126; x_wconf 87' lang='lat' dir='ltr'>tum</span> <span class='ocrx_word' id='word_1_232' title='bbox 152 2083 371 2142; x_wconf 83' lang='lat' dir='ltr'>octoginta</span> <span class='ocrx_word' id='word_1_233' title='bbox 410 2099 488 2129; x_wconf 82' lang='lat' dir='ltr'>sex</span> <span class='ocrx_word' id='word_1_234' title='bbox 526 2083 714 2128; x_wconf 88' lang='lat' dir='ltr'>homines</span> <span class='ocrx_word' id='word_1_235' title='bbox 746 2089 890 2128; x_wconf 83' lang='lat' dir='ltr'>erant:</span> <span class='ocrx_word' id='word_1_236' title='bbox 932 2083 1113 2141; x_wconf 87' lang='lat' dir='ltr'>primum</span> <span class='ocrx_word' id='word_1_237' title='bbox 1142 2083 1344 2128; x_wconf 82' lang='lat' dir='ltr'>vexillum</span> 
     </span>
     <span class='ocr_line' id='line_1_33' title="bbox 22 2146 1340 2206; baseline 0.002 -16"><span class='ocrx_word' id='word_1_238' title='bbox 22 2146 187 2192; x_wconf 87' lang='lat' dir='ltr'>triarios</span> <span class='ocrx_word' id='word_1_239' title='bbox 222 2147 403 2193; x_wconf 90' lang='lat' dir='ltr'>ducebat</span> <span class='ocrx_word' id='word_1_240' title='bbox 433 2152 680 2194; x_wconf 86' lang='lat' dir='ltr'>veteranum</span> <span class='ocrx_word' id='word_1_241' title='bbox 710 2147 886 2193; x_wconf 87' lang='lat' dir='ltr'>militem</span> <span class='ocrx_word' id='word_1_242' title='bbox 923 2152 1124 2206; x_wconf 84' lang='lat' dir='ltr'>spectatae</span> <span class='ocrx_word' id='word_1_243' title='bbox 1153 2148 1340 2202; x_wconf 87' lang='lat' dir='ltr'>virtutis,</span> 
     </span>
     <span class='ocr_line' id='line_1_34' title="bbox 21 2210 1342 2271; baseline 0.002 -15"><span class='ocrx_word' id='word_1_244' title='bbox 21 2210 252 2258; x_wconf 83' lang='lat' dir='ltr'>secundum</span> <span class='ocrx_word' id='word_1_245' title='bbox 279 2213 461 2260; x_wconf 85' lang='lat' dir='ltr'>rorarios</span> <span class='ocrx_word' id='word_1_246' title='bbox 490 2213 630 2260; x_wconf 85' lang='lat' dir='ltr'>minus</span> <span class='ocrx_word' id='word_1_247' title='bbox 660 2212 824 2259; x_wconf 86' lang='lat' dir='ltr'>roboris</span> <span class='ocrx_word' id='word_1_248' title='bbox 850 2215 978 2260; x_wconf 86' lang='lat' dir='ltr'>aetate</span> <span class='ocrx_word' id='word_1_249' title='bbox 1006 2212 1226 2271; x_wconf 80' lang='lat' dir='ltr'>factisque,</span> <span class='ocrx_word' id='word_1_250' title='bbox 1255 2216 1342 2259; x_wconf 89' lang='lat' dir='ltr'>ter-</span> 
     </span>
    </p>
   </div>
  </div>
 </body>
</html>
