1649 2452
149 125 191 160 A·
208 123 243 160 c·
260 123 349 168 293]
611 65 723 111 LIB.
753 70 808 116 X.
836 76 901 123 45,
921 75 985 116 46.
1386 72 1465 117 659

146 177 410 228 caperentur.
471 169 755 216 Sortientibus
777 170 1011 228 provincias
1032 168 1274 214 consulibus
1295 170 1471 215 Etruria
1487 179 1510 216 9

147 233 331 279 Carvilio
351 233 492 279 evenit
513 233 743 280 secundum
766 238 866 279 vota
885 233 1079 289 militum,
1101 233 1173 292 qui
1194 234 1278 278 vim
1298 235 1467 293 frigoris

61 308 75 333 2
139 301 230 356 jam
250 299 296 343 in
326 298 494 343 Samnio
521 314 607 343 non
633 297 915 356 patiebantur.
976 298 1146 356 Papirio
1174 296 1227 343 ad
1257 298 1466 357 Saepinum
1491 305 1536 340 10

145 365 280 421 major
309 363 373 407 vis
405 363 592 407 hostium
626 363 814 408 restitit:
846 378 956 419 saepe
987 363 1032 407 in
1063 363 1150 407 acie
1181 378 1291 422 saepe
1321 364 1365 408 in
1396 380 1468 422 ag-

143 427 255 472 mine
276 441 386 486 saepe
407 427 517 472 circa
537 427 670 485 ipsam
697 427 845 472 urbem
873 427 1074 471 adversus
1102 431 1345 485 eruptiones
1374 428 1468 473 hos-

142 492 252 536 tium
272 495 533 564 pugnatum:
564 507 643 537 nec
672 490 834 536 obsidio
855 491 930 536 sed
957 491 1113 536 bellum
1141 507 1194 536 ex
1222 507 1341 550 aequo
1363 498 1466 546 erat,

142 571 229 601 non
249 556 360 601 enim
381 556 511 601 muris
532 556 666 614 magis
695 572 741 601 se
765 556 975 601 Samnites
996 571 1122 614 quam
1151 556 1277 602 armis
1299 572 1349 603 ac
1367 558 1468 603 viris

141 621 296 666 moenia
334 619 611 666 tutabantur:
651 619 821 666 tandem
864 620 1090 680 pugnando
1126 623 1170 666 in
1209 621 1467 667 obsidionem

136 685 299 744 justam
331 686 470 744 coegit
505 685 650 730 hostes
686 685 1000 744 obsidendoque
1028 686 1071 730 vi
1107 690 1234 744 atque
1269 687 1467 745 operibus

139 750 288 795 urbem
318 750 590 809 expugnavit.
651 750 805 808 Itaque
836 750 888 795 ab
918 751 981 795 ira
1017 750 1111 809 plus
1147 750 1271 796 caedis
1305 751 1464 797 editum
1484 758 1527 795 11

140 821 265 873 capta
303 815 433 860 urbe:
476 820 637 873 septem
679 815 810 859 millia
851 815 1150 875 quadringenti
1190 817 1298 870 caesi,
1341 825 1464 877 capta

139 880 278 925 minus
311 880 394 925 tria
425 879 553 924 millia
587 879 826 924 hominum:
859 879 1010 937 praeda,
1041 896 1134 939 quae
1165 880 1346 939 plurima
1378 883 1461 929 fuit

139 945 353 1003 congestis
382 945 633 990 Samnitium
660 944 785 990 rebus
807 945 850 988 in
872 945 997 990 urbes
1025 960 1193 1004 paucas,
1216 946 1342 993 militi
1362 963 1460 993 con·

138 1024 257 1056 cessa
291 1014 369 1055 est.
430 1009 564 1054 Nives
594 1009 683 1068 jam
718 1009 857 1054 omnia
892 1009 1164 1068 oppleverant
1203 1027 1282 1057 neo
1317 1012 1458 1058 durari
1472 1012 1576 1068 (46)

138 1079 260 1120 extra
279 1078 393 1120 tecta
413 1077 590 1132 poterat,
613 1073 756 1132 itaque
783 1074 931 1119 consul
958 1075 1191 1121 exercitum
1212 1076 1264 1121 de
1291 1077 1459 1122 Samnio

137 1138 327 1184 deduxit.
393 1138 596 1183 Venienti
634 1138 816 1183 Bnmam
855 1139 1098 1199 triumphus
1138 1141 1325 1186 omnium
1366 1148 1498 1188 con-2

137 1218 267 1249 sensu
293 1206 358 1248 est
379 1202 569 1248 delatus:
600 1202 878 1262 triumphavit
905 1203 950 1248 in
976 1205 1229 1264 magistratu
1250 1207 1463 1265 insigni—

139 1272 187 1314 ut
217 1268 384 1313 illorum
410 1272 647 1327 temporum
674 1267 846 1313 habitus
877 1269 1265 1329 erat—triumpho:
1298 1271 1462 1329 pedites

137 1333 385 1393 equitesque
412 1333 598 1392 insignes
626 1331 746 1378 donis
775 1334 979 1379 transiere
1000 1349 1048 1379 ac
1068 1336 1325 1380 transvecti:
1355 1336 1462 1381 mul-

137 1403 194 1445 tae
229 1399 369 1444 oivicae
404 1413 568 1444 coronae
602 1398 862 1458 vallaresque
897 1415 945 1444 ac
979 1400 1160 1445 murales
1197 1405 1461 1459 conspectae:

135 1464 373 1522 inspectata
399 1463 533 1522 spolia
558 1463 809 1508 Samnitium
839 1467 882 1509 et
911 1463 1059 1509 decore
1081 1479 1129 1509 ac
1149 1465 1461 1523 pulchritudine

136 1529 322 1587 paternis
350 1528 508 1587 spoliis,
530 1544 622 1587 quae
648 1535 752 1573 nota
777 1528 992 1586 frequenti
1018 1529 1281 1588 publicorum
1307 1536 1460 1576 ornatu

135 1593 322 1638 locorum
353 1596 485 1646 erant,
515 1593 889 1651 comparabantur:
921 1593 1081 1639 nobiles
1113 1594 1272 1653 aliquot
1302 1595 1460 1654 captivi

135 1657 236 1704 clari
257 1657 345 1702 suis
373 1661 624 1716 patrumque
650 1657 774 1702 factis
803 1657 944 1702 ducti:
977 1658 1070 1703 aeris
1101 1659 1241 1717 gravis
1269 1663 1460 1706 travecta

135 1723 293 1768 viciens
323 1726 493 1768 centum
522 1721 651 1767 millia
677 1727 721 1767 et
745 1723 977 1781 quingenta
1002 1722 1181 1782 triginta
1206 1724 1290 1769 tria
1315 1724 1455 1779 millia,

134 1787 180 1832 id
209 1803 266 1833 aes
372 1792 512 1832 actum
548 1802 602 1832 ex
636 1787 815 1845 captivis
852 1786 1097 1833 dicebatur:
1138 1789 1305 1847 argenti
1344 1789 1457 1848 quod

135 1856 307 1911 captum
341 1867 394 1897 ex
428 1850 604 1896 urbibus
639 1856 743 1903 erat,
778 1850 917 1910 pondo
952 1851 1064 1896 mille
1104 1853 1350 1912 octingenta
1382 1854 1455 1899 tri·

135 1917 268 1976 ginta.
329 1917 464 1962 Omne
495 1931 551 1960 aes
582 1920 889 1974 argentumque
918 1916 963 1960 in
996 1917 1188 1962 aerarium
1224 1917 1489 1972 conditum‚3

135 1980 339 2028 militibus
369 1981 472 2025 nihil
502 1979 648 2024 datum
678 1994 731 2025 ex
761 1979 902 2038 praeda
934 1986 1028 2026 est:
1069 1986 1276 2041 auctaque
1310 1998 1360 2028 ea
1393 1983 1452 2028 in-

135 2045 249 2091 vidia
267 2051 332 2091 est
353 2045 406 2089 ad
427 2044 588 2102 plebem
618 2044 730 2102 quod
749 2044 959 2090 tributum
985 2045 1112 2090 etiam
1134 2047 1177 2091 in
1197 2047 1452 2106 stipendium

136 2109 317 2155 militum
339 2109 537 2155 collatum
557 2112 634 2160 est,
657 2124 798 2166 quum,
817 2110 855 2154 si
874 2113 1016 2168 spreta
1035 2110 1168 2170 gloria
1189 2111 1339 2157 fuisset
1355 2127 1452 2170 cap-

137 2174 238 2221 tivae
262 2174 451 2233 pecuniae
477 2173 522 2218 in
548 2173 741 2219 aerarium
770 2174 909 2228 illatae,
935 2179 980 2220 et
1009 2175 1135 2221 militi
1156 2179 1250 2222 tum
1278 2176 1377 2222 dare
1397 2192 1450 2221 ex

137 2237 281 2304 ptaeda
293 2241 338 2289 et
353 2237 610 2301 stipendium
628 2237 809 2287 militare
828 2244 1030 2302 praestare
1045 2241 1266 2303 potuisset.
1298 2241 1447 2290 AEdem
1461 2254 1487 2301 4
