1649 2452
205 86 284 125 456
529 85 573 124 T.
598 85 747 125 LIVII
778 85 1198 126 HISTORIARUM
1327 140 1371 176 [A
1401 140 1425 169 C
1454 139 1512 171 343

165 175 367 222 2monitu
402 175 704 222 lectisternium
744 179 837 224 suit.
898 180 1057 224 Eodem
1089 196 1197 224 anno
1231 181 1440 224 Satricum
1471 181 1522 225 ab

204 240 450 285 Antiatibus
472 242 634 286 colonia
655 242 836 287 deducta
861 245 1143 302 restitutaque
1164 243 1267 288 urbs
1297 260 1422 301 quam
1441 244 1526 288 La-

165 311 188 347 3
205 304 284 348 tini
307 305 533 350 diruerant.
586 307 643 350 Et
663 322 755 350 cum
776 307 1195 366 Carthaginiensibus
1212 308 1363 366 legatis
1379 308 1527 352 Romae

206 369 341 413 foedus
373 371 517 422 ictum,
553 386 680 428 quum
718 372 941 416 amicitiam
980 389 1027 418 ac
1057 374 1301 417 societatem
1335 376 1526 430 petentes

166 452 183 476 -ὲ
205 437 430 478 venissent.
484 435 603 478 Idem
627 436 758 479 otium
783 436 894 480 domi
914 437 1099 495 forisque
1120 437 1274 481 mansit
1295 437 1342 480 Τ.
1365 436 1527 480 Manlio

205 497 419 555 Torquato
456 498 503 542 O.
529 499 698 543 Plautio
735 500 990 545 consulibus.
1068 500 1399 546 Semunciarium
1434 504 1528 544 tan-

203 568 299 606 tum
335 578 388 607 ex
422 563 609 607 unciario
644 565 767 608 fenus
797 565 957 609 factum
989 568 1032 609 et
1062 566 1107 609 in
1138 565 1357 623 pensiones
1388 579 1527 623 aequas

203 626 496 670 triennii—ita
515 630 565 671 ut
588 632 737 685 quarta
764 644 948 685 praesens
979 629 1306 673 esset—solutio
1334 628 1427 673 aeris
1455 628 1530 683 ali-

204 690 271 734 eni
300 690 542 749 dispensata
571 696 660 735 est:
695 696 737 736 et
766 693 826 737 sic
857 708 1022 751 quoque
1053 697 1172 751 parte
1200 692 1332 750 plebis
1364 692 1529 736 adfecta

203 754 306 799 fides
348 758 490 799 tamen
531 755 699 813 publica
733 757 907 814 privatis
945 756 1259 802 difficultatibus
1301 756 1440 813 potior
1474 755 1528 800 ad

204 834 345 863 curam
368 820 535 864 senatui
555 819 662 864 fuit:
695 820 843 865 levatae
863 821 1044 866 maxime
1065 837 1145 875 res,
1170 820 1269 879 quia
1295 819 1458 869 tributo
1479 835 1528 865 ac

164 889 186 925 5
205 882 362 928 dilectu
403 899 706 941 supersessum.
770 885 913 930 Tertio
944 901 1052 930 anno
1089 889 1186 944 post
1223 884 1434 929 Satricum
1462 899 1528 929 re-

203 951 403 990 stitutum
437 962 461 990 a
490 947 661 991 Vulscis
693 948 757 992 M.
776 948 969 992 Valerius
1001 949 1165 993 Corvus
1194 947 1349 992 iterum
1381 948 1527 993 consul

203 1025 296 1054 cum
321 1010 368 1054 C.
396 1010 561 1055 Poetilio
585 1012 736 1067 factus,
759 1028 889 1070 quum
918 1028 970 1057 ex
989 1013 1117 1057 Latio
1144 1012 1386 1056 nuntiatum
1414 1015 1526 1056 esset

202 1073 364 1132 legatos
388 1075 439 1119 ab
460 1076 592 1120 Antio
615 1076 835 1121 circumire
864 1077 1040 1134 populos
1071 1077 1319 1122 Latinorum
1350 1076 1403 1120 ad
1430 1091 1527 1120 con-

203 1139 417 1183 citandum
440 1139 608 1196 bellum,
626 1141 870 1198 priusquam
891 1141 985 1199 plus
1003 1141 1189 1186 hostium
1205 1141 1336 1194 fieret,
1356 1141 1526 1185 Vulscis

203 1218 318 1247 arma
337 1204 492 1248 inferre
509 1205 654 1262 jussus
677 1205 729 1249 ad
752 1205 960 1250 Satricum
982 1206 1171 1250 exercitu
1191 1205 1346 1250 infesto
1368 1205 1524 1263 pergit.

161 1274 183 1311 6
203 1268 301 1316 Quo
324 1284 454 1327 quum
475 1269 672 1314 Antiates
695 1269 845 1328 aliique
866 1270 1012 1315 Vulsci
1043 1271 1287 1329 praeparatis
1305 1270 1390 1327 jam
1414 1273 1523 1322 ante,

202 1333 238 1377 si
269 1333 369 1391 quid
400 1333 451 1378 ab
483 1334 622 1379 Roma
647 1339 899 1388 moveretur,
930 1335 1060 1393 copiis
1091 1335 1385 1390 occurrissent,
1412 1335 1528 1379 nulla

199 1412 317 1441 mora
351 1397 462 1442 inter
491 1398 678 1444 infensos
709 1399 872 1443 diutino
908 1399 1004 1444 odio
1041 1399 1264 1444 dimicandi
1299 1399 1412 1444 facta
1446 1403 1525 1444 est.

160 1464 182 1505 7
200 1461 586 1508 Vulsci—ferocior
622 1463 675 1507 ad
710 1463 995 1508 rebellandum
1032 1480 1155 1522 quam
1197 1463 1249 1508 ad
1288 1462 1525 1509 bellandum

199 1527 591 1584 gens—certamine
627 1527 728 1573 victi
763 1528 865 1586 fuga
904 1528 1036 1573 effusa
1078 1529 1229 1573 Satrici
1269 1528 1422 1573 moenia
1457 1543 1527 1586 pe-

198 1593 322 1635 tunt:
356 1595 400 1636 et
417 1608 469 1636 ne
485 1593 529 1636 in
545 1593 675 1637 muris
694 1592 860 1650 quidem
878 1593 981 1637 satis
1002 1593 1122 1637 firma
1137 1608 1211 1649 spe
1228 1608 1356 1651 quum
1374 1607 1527 1637 corona

198 1655 379 1699 militum
411 1656 548 1701 cincta
572 1660 659 1714 jam
693 1657 815 1701 scalis
846 1661 1068 1715 caperetur
1096 1657 1211 1712 urbs,
1242 1657 1295 1702 ad
1326 1661 1526 1716 quattuor

198 1719 329 1764 millia
359 1720 540 1765 militum
570 1724 722 1779 praeter
753 1721 1066 1767 multitudinem
1095 1721 1303 1766 imbellem
1332 1737 1424 1766 sese
1455 1721 1526 1766 de-

157 1790 181 1827 8
199 1783 356 1829 didere.
418 1785 634 1843 Oppidum
674 1785 864 1830 dirutum
904 1790 1031 1844 atque
1071 1788 1302 1841 incensum,
1343 1785 1395 1831 ab
1436 1785 1525 1831 aede

197 1851 366 1894 tantum
387 1850 535 1895 matris
562 1850 746 1895 Matutae
768 1850 1008 1896 abstinuere
1029 1851 1170 1909 ignem
1188 1867 1197 1895 :
1228 1849 1370 1909 praeda
1390 1852 1525 1896 omnis

158 1919 182 1957 9
198 1913 323 1959 militi
351 1913 461 1959 data.
521 1915 658 1960 Extra
687 1915 870 1974 praedam
899 1919 1101 1974 quattuor
1129 1915 1259 1960 millia
1286 1915 1525 1960 deditorum

197 1977 364 2023 habita:
403 1994 475 2024 eos
514 1979 679 2025 vinctos
721 1980 867 2025 consul
907 1983 1005 2025 ante
1047 1995 1219 2025 currum
1258 1980 1524 2038 triumphans

198 2044 300 2101 egit,
335 2045 517 2090 venditis
558 2045 708 2091 deinde
748 2061 944 2104 magnam
986 2046 1205 2104 pecuniam
1244 2046 1290 2090 in
1330 2046 1522 2091 aerarium

197 2107 388 2166 redegit:
421 2115 520 2154 sunt
552 2111 624 2169 qui
653 2111 761 2155 hanc
791 2109 1104 2155 multitudinem
1136 2111 1346 2168 captivam
1382 2125 1523 2155 servo-

197 2189 292 2218 rum
321 2173 450 2218 fuisse
478 2175 678 2230 scribant,
699 2174 826 2234 idque
853 2174 989 2233 magis
1019 2175 1107 2221 veri
1134 2174 1268 2220 simile
1298 2177 1366 2220 est
1396 2189 1521 2234 quam

196 2237 363 2284 deditos
385 2239 561 2286 venisse.

1614 1396 1625 1486 ‘2
