1649 2452
638 117 752 157 LIB.
779 117 831 156 X.
863 117 1007 157 9-11.
1403 119 1481 165 611

153 171 344 272 qA'ui‘isqiss
346 171 591 270 Jadjungere
621 214 709 256 tam
737 211 920 257 efferatae
950 209 1091 269 gentis
1118 209 1308 254 homines
1337 209 1482 256 horre-

151 276 238 322 bat.
290 276 362 321 Ita
382 275 544 322 dimissi
560 275 670 321 Galli
690 276 911 334 pecuniam
931 275 1147 333 ingentem
1164 274 1254 320 sine
1273 273 1416 320 labore
1430 289 1479 319 ac
1498 285 1521 321 8

150 340 339 400 periculo
368 344 560 400 paratam
588 340 860 386 rettulerunt.
921 340 1103 384 Romam
1134 342 1337 385 terrorem
1373 354 1480 397 prae-
1496 351 1520 388 9

150 405 244 452 buit
265 405 377 450 fama
398 403 545 450 Gallici
565 404 776 450 tumultus
798 405 852 450 ad
871 403 1029 450 bellum
1057 404 1287 450 Etruscum
1308 402 1482 462 adjecti:

150 485 201 516 eo
221 470 362 516 minus
391 472 641 514 cunctanter
669 468 807 515 foedus
834 469 968 514 ictum
999 483 1097 513 cum
1126 467 1294 514 Picenti
1322 467 1479 526 populo

149 537 229 580 est.
290 533 338 578 T.
358 532 522 578 Manlio
553 532 717 579 consuli
743 533 959 591 provincia
989 532 1163 577 Etruria
1189 535 1305 577 sorte
1333 531 1585 586 venitzssl)

151 598 225 658 qui
251 597 424 643 vixdum
456 598 671 656 ingressus
701 597 888 642 hostium
919 597 1023 642 fines
1054 612 1184 655 quum
1211 599 1480 642 exerceretur

149 663 262 708 inter
277 662 454 721 equites,
472 661 524 706 ab
540 661 685 720 rapido
702 677 830 707 cursu
851 659 1173 719 circumagendo
1190 675 1298 720 equo
1319 660 1478 706 effusus

148 726 361 785 extemplo
383 741 512 785 prope
533 726 789 784 exspiravit:
821 726 977 771 tertius
998 725 1050 771 ab
1072 740 1122 770 eo
1143 740 1246 772 casu
1264 725 1355 771 dies
1382 725 1477 770 finis

148 791 249 837 vitae
279 791 443 838 consuli
472 791 580 835 fuit:
613 806 697 848 quo
728 791 845 836 velut
875 791 1014 836 omine
1043 789 1143 835 belli
1173 794 1346 848 accepto
1377 788 1477 835 deos

149 871 226 929 pro
246 871 293 902 se
314 855 571 901 commisisse
591 855 747 900 bellum
769 858 1049 900 memorantes
1069 855 1245 899 Etrusci
1266 854 1476 900 sustulere

148 920 322 966 animos.
375 920 523 965 Romae
545 936 672 978 quum
696 919 902 965 desiderio
917 920 999 964 viri
1017 923 1111 964 tum
1131 919 1474 965 incommoditate
1492 931 1515 966 ‘1

147 984 351 1043 temporis
372 984 509 1029 tristis
530 984 706 1030 nuntius
729 984 824 1040 fuit,
845 989 895 1029 ut
915 988 1058 1042 patres
1088 983 1140 1028 ab
1167 983 1355 1042 jubendo
1385 983 1474 1030 dic-

147 1051 286 1094 tatore
307 1048 489 1094 consulis
517 1048 775 1108 subrogandi
804 1049 975 1093 comitia
1003 1063 1054 1093 ex
1085 1048 1298 1093 sententia
1323 1049 1477 1107 princi-

148 1129 247 1171 pum
270 1113 413 1159 habita
430 1112 738 1160 deterruerint:
771 1113 834 1158 M.
856 1112 1071 1158 Valerium
1095 1113 1310 1158 consulem
1330 1127 1476 1159 omnes

147 1178 370 1224 sententiae
406 1179 691 1236 centuriaeque
732 1177 889 1231 dixere,
927 1193 1052 1236 quem
1087 1181 1261 1222 senatus
1296 1177 1477 1223 dictato-

147 1258 236 1288 rem
274 1242 357 1287 dici
380 1245 580 1300 jussurus
616 1243 780 1288 fuerat:
813 1246 906 1287 tum
942 1243 1154 1300 extemplo
1184 1242 1230 1287 in
1258 1242 1475 1288 Etruriam

148 1306 203 1351 ad
221 1306 406 1365 legiones
426 1307 635 1365 proficisci
648 1307 794 1365 jussit.
855 1305 1078 1353 Adventus
1106 1310 1198 1364 ejus
1227 1308 1475 1365 compressit
1492 1321 1516 1359 3

147 1371 353 1417 Etruscos
385 1371 502 1426 adeo,
534 1376 584 1416 ut
614 1387 736 1418 nemo
772 1375 893 1416 extra
927 1372 1189 1416 munimenta
1222 1372 1366 1430 egredi
1403 1388 1477 1417 au-

148 1435 268 1481 deret
298 1436 508 1495 timorque
538 1437 726 1494 ipsorum
756 1435 965 1481 obsidioni
993 1435 1139 1482 similis
1167 1442 1306 1481 esset:
1338 1452 1474 1496 neque

146 1501 241 1549 illos
281 1517 416 1547 novus
453 1502 601 1548 consul
635 1501 849 1547 vastandis
890 1502 1002 1561 agris
1042 1502 1301 1559 urendisque
1336 1504 1474 1558 tectss,

148 1582 280 1625 quum
310 1567 466 1624 passim
502 1581 589 1611 non
621 1566 731 1612 villae
762 1566 899 1612 solum
929 1567 1004 1611 sed
1034 1566 1277 1624 frequentes
1309 1582 1476 1626 quoque

147 1631 233 1677 vici
273 1630 478 1676 incendiis
518 1630 743 1686 fumarent,
784 1630 933 1676 elicere
974 1630 1027 1675 ad
1066 1638 1280 1676 certamen
1319 1633 1473 1690 potuit.

148 1695 297 1745 Quum
316 1694 398 1739 hoc
420 1695 591 1753 segnius
612 1694 767 1740 bellum
789 1695 983 1753 opinione
1014 1699 1140 1751 esset,
1161 1694 1334 1741 alterius
1361 1696 1473 1751 belli,
1488 1709 1512 1745 4-

149 1759 264 1818 quod
283 1759 431 1804 multis
459 1760 504 1804 in
530 1759 664 1804 vicem
693 1759 882 1804 cladibus
910 1759 1023 1804 haud
1050 1759 1260 1805 immerito
1287 1761 1474 1807 terribile

147 1829 252 1878 erat,
276 1824 388 1868 fama
407 1823 648 1869 Picentium
676 1839 881 1869 novorum
909 1824 1119 1869 sociorum
1146 1823 1300 1872 indicio
1327 1831 1475 1872 exorta

146 1892 242 1934 est:
275 1888 486 1955 Sqnnites
523 1903 639 1933 arma
667 1892 712 1933 et
741 1888 1010 1934 rebellionem
1040 1891 1232 1946 spectare
1261 1904 1391 1948 seque
1420 1889 1473 1936 ab

145 1953 198 1998 iis
219 1952 467 1998 sollicitatos
497 1968 602 1997 esse.
664 1953 910 1999 Picentibus
937 1953 1086 2012 gratiae
1114 1957 1219 1999 actae
1247 1957 1291 2000 et
1320 1965 1510 2013 magna5

145 2033 244 2076 pars
274 2032 385 2063 curae
415 2017 607 2075 patribus
638 2017 691 2063 ab
720 2017 894 2062 Etruria
922 2017 967 2062 in
1001 2017 1210 2063 Samnites
1239 2033 1362 2063 versa
1391 2024 1470 2064 est.

147 2082 313 2128 Caritas
334 2082 462 2128 etiam
491 2097 666 2127 annonae
696 2082 918 2127 sollicitam
947 2082 1162 2128 civitatem
1187 2083 1350 2138 habuit,
1372 2099 1472 2129 ven·
1485 2091 1507 2128 6

145 2150 322 2206 tumque
348 2146 402 2191 ad
428 2147 579 2206 inopiae
606 2147 804 2192 ultimum
834 2147 1055 2192 foret—ut
1085 2147 1290 2206 scripsere
1319 2147 1472 2207 quibus

146 2210 308 2258 aedilem
341 2211 474 2257 fuisse
510 2227 560 2258 eo
595 2227 705 2257 anno
738 2211 915 2257 Fabium
950 2211 1190 2257 Maximum
1230 2212 1471 2272 placet—ni

147 2277 238 2336 ejus
259 2276 339 2325 viri
364 2292 479 2335 cura,
499 2276 632 2339 qualis
659 2277 705 2327 in
731 2276 890 2328 bellicis
918 2275 1044 2328 rebus
1072 2276 1216 2326 multis
1244 2282 1471 2344 tempesta·v
