1649 2452
586 116 698 158 LIB.
726 117 798 157 VI.
830 121 897 165 40,
917 117 979 157 41.
1364 120 1436 158 421

124 170 167 204 A.
185 172 222 203 c.
240 171 328 210 36⁵3

124 214 228 257 cat?
278 213 378 260 Quo
413 211 536 256 modo
572 215 864 270 extorqueant,
900 227 987 256 non
1019 225 1102 268 quo
1134 209 1259 254 modo
1293 216 1441 268 petant
1456 210 1557 263 (41)

123 276 304 321 honores
326 280 533 333 quaemnt,
555 280 599 320 et
620 276 680 320 ita
706 277 888 320 maxima
914 278 1015 320 sunt
1042 275 1249 333 adepturi,
1269 278 1319 319 ut
1340 275 1444 320 nihil

122 356 176 386 ne
197 355 272 399 pro
294 340 475 385 minimis
503 340 672 399 quidem
699 340 892 394 debeant,
914 344 959 385 et
986 339 1274 386 occasionibus
1302 341 1443 397 potius

123 420 246 463 quam
274 405 434 449 virtute
462 409 605 462 petere
633 405 812 450 honores
842 405 1016 450 malunt.
1077 404 1158 449 Est
1186 404 1348 462 aliquis,
1372 405 1482 463 qtu'2

122 484 169 514 se
189 469 339 527 inspici
360 469 560 514 aestimari
580 469 782 523 fastidiat,
807 470 879 528 qui
900 473 1038 515 certos
1059 468 1139 514 sibi
1167 469 1242 514 uni
1262 469 1444 514 honores

122 533 234 578 inter
260 532 507 578 dimicantes
536 534 834 591 competitores
865 550 1031 592 aequum
1051 537 1220 579 censeat
1241 548 1346 586 esse,
1370 534 1445 592 qui

122 613 168 642 se
189 597 362 642 arbitrio
384 601 526 642 vestro
548 598 717 650 eximat,
734 598 806 656 qui
827 603 970 642 vestra
988 598 1222 643 necessaria
1243 598 1446 657 suffragia

122 677 199 721 pro
221 663 469 707 voluntariis
490 666 535 707 et
556 678 678 708 serva
698 679 773 721 pro
802 663 944 708 liberis
973 663 1311 708 faciat—omitto
1334 663 1444 708 Lici·

121 727 238 771 nium
261 727 548 785 Sextiumque,
573 743 750 786 quorum
774 743 903 772 annos
925 728 969 772 in
999 731 1204 785 perpetua
1232 732 1445 785 potestate

122 794 336 850 tamquam
359 807 506 851 regum
528 792 571 836 in
601 791 811 849 Capitolio
839 793 1141 845 numeratis—‚
1165 793 1258 851 quis
1287 796 1353 836 est
1372 792 1445 836 ho·

122 856 190 901 die
211 856 256 900 in
275 856 447 901 civitate
474 860 560 900 tam
591 855 773 910 humilis,
795 856 863 900 cui
891 871 976 900 non
1002 856 1071 900 via
1096 855 1149 900 ad
1179 855 1444 901 consulatum

121 920 283 965 facilior
305 936 379 976 per
400 921 523 965 istius
545 919 650 978 legis
669 920 929 965 occasionem
951 936 1075 978 qnam
1092 920 1212 965 nobis
1234 935 1282 965 ac
1302 920 1444 966 liberis

121 984 278 1029 nostris
307 985 393 1037 fiat,
417 984 454 1028 si
481 983 649 1042 quidem
678 999 755 1028 nos
783 1000 836 1029 ne
868 1001 997 1043 quum
1029 984 1246 1029 volueritis
1275 984 1445 1042 quidem

122 1063 263 1093 creare
290 1047 503 1093 interdum
534 1049 741 1106 poteritis,
772 1049 877 1093 istos
907 1049 1032 1093 etiam
1061 1049 1098 1093 si
1125 1049 1344 1094 nolueritis
1372 1065 1445 1094 ne-

122 1127 238 1157 cesse
274 1113 330 1157 sit
344 1113 490 1157 ?—De
520 1112 773 1171 indignitate
807 1113 910 1158 satis
948 1113 1106 1158 dictum
1143 1118 1220 1167 est,
1254 1118 1298 1158 et
1333 1115 1444 1158 enim

123 1176 307 1235 dignitas
335 1176 388 1221 ad
408 1177 597 1221 homines
625 1177 837 1235 pertinet:
870 1177 971 1235 quid
998 1177 1050 1222 de
1081 1177 1353 1236 religionibus
1381 1182 1438 1222 at—

123 1256 204 1300 que
240 1241 448 1299 auspiciis,
482 1257 575 1300 quae
606 1242 773 1300 propria
809 1241 980 1287 deorum
1016 1242 1313 1287 immortalium
1346 1257 1445 1287 con-

121 1307 300 1364 temptio
322 1311 449 1364 atque
469 1306 622 1364 injuria
641 1311 720 1361 est,
741 1307 918 1365 loquar?
951 1307 1147 1364 auspiciis
1169 1307 1276 1352 hanc
1298 1306 1444 1351 urbem

123 1370 334 1415 conditam
356 1386 460 1424 esse,
484 1371 681 1428 auspiciis
712 1371 820 1416 bello
848 1386 896 1415 ac
924 1386 1037 1429 pace,
1061 1370 1174 1416 domi
1201 1371 1444 1429 militiaeque

123 1435 264 1479 omnia
299 1436 401 1493 geri,
436 1436 528 1493 quis
565 1441 631 1480 est
667 1436 739 1494 qui
774 1437 973 1494 ignoret?
1010 1451 1137 1494 penes
1175 1451 1278 1494 quos
1313 1436 1446 1495 igitur

123 1504 224 1543 sunt
246 1500 432 1557 auspicia
451 1514 566 1544 more
588 1502 822 1557 majorum?
854 1516 1002 1558 nempe
1023 1516 1152 1558 penes
1173 1506 1327 1558 patres,
1349 1516 1445 1545 nam

123 1563 310 1621 plebeius
340 1562 507 1622 quidem
535 1565 808 1622 magistratus
835 1565 976 1609 nullus
1005 1565 1222 1622 auspicato
1252 1570 1443 1610 creatur:

122 1627 243 1672 nobis
265 1627 368 1672 adeo
389 1628 558 1685 propria
578 1633 678 1672 sunt
699 1629 895 1687 auspicia,
914 1636 963 1673 ut
984 1644 1068 1674 non
1090 1629 1223 1674 solum
1246 1644 1350 1688 quos
1374 1644 1446 1687 po-

123 1691 248 1750 pulus
271 1696 385 1736 creat
407 1692 605 1750 patricios
626 1693 899 1751 magistratus
920 1709 1005 1737 non
1026 1693 1147 1737 aliter
1163 1708 1285 1751 quarn
1309 1693 1445 1751 auspi-

123 1760 219 1801 cato
239 1761 366 1809 creet,
383 1755 457 1800 sed
478 1771 553 1800 nos
571 1771 737 1814 quoque
758 1758 838 1815 ipsi
854 1758 946 1802 sine
967 1757 1167 1814 suffragio
1185 1756 1328 1815 populi
1351 1773 1445 1801 aus-

125 1820 263 1877 picato
283 1820 534 1879 interregem
559 1820 782 1878 prodamus
804 1826 847 1865 et
869 1822 1064 1879 privatim
1089 1822 1274 1878 auspicia
1294 1820 1445 1865 habea-

122 1900 230 1938 mus,
246 1900 339 1943 quae
358 1885 432 1929 isti
452 1900 504 1929 ne
525 1885 569 1929 in
587 1885 901 1943 magistratibus
919 1885 1086 1943 quidem
1107 1884 1276 1930 habent.
1327 1885 1444 1933 Qm‘d
1459 1894 1481 1931 3

122 1948 255 2008 igitur
275 1949 387 1994 aliud
404 1965 528 2008 quam
549 1949 660 1994 tollit
683 1965 735 1994 ex
756 1949 928 1994 civitate
949 1949 1146 2007 auspicia,
1165 1949 1238 2007 qui
1259 1949 1444 2007 plebeios

124 2013 318 2058 consules
344 2013 524 2058 creando
545 2029 570 2058 a
590 2014 794 2072 patribus,
818 2014 889 2072 qui
911 2013 987 2058 soli
1009 2028 1059 2058 ea
1078 2012 1231 2058 habere
1252 2018 1445 2072 possunt,

125 2079 291 2122 aufert?
323 2077 495 2122 eludant
516 2093 628 2123 nunc
650 2078 746 2123 licet
776 2078 1019 2144 religiones.
1055 2076 1154 2136 quid
1176 2077 1285 2122 enim
1308 2082 1386 2131 est,
1408 2079 1445 2123 si

126 2141 229 2198 pulli
249 2156 335 2186 non
355 2149 592 2200 pascentur,
609 2143 645 2187 si
662 2159 712 2187 ex
735 2158 861 2187 cavea
881 2142 1042 2187 tardius
1064 2142 1254 2196 exierint,
1273 2143 1309 2187 si
1330 2158 1446 2188 occe-

127 2204 277 2250 cinerit
294 2206 409 2251 avis?
437 2222 565 2265 parva
576 2214 677 2251 sunt
698 2207 798 2260 haec,
818 2206 892 2251 sed
909 2222 1035 2265 parva
1054 2207 1137 2251 ista
1157 2222 1242 2251 non
1261 2213 1447 2252 contem-

126 2268 265 2316 nendo
283 2273 464 2329 majores
477 2271 609 2317 vestri
622 2271 847 2317 maximam
866 2271 976 2317 hanc
988 2285 1079 2317 rem
1094 2270 1305 2318 fecerunt:
1333 2285 1447 2317 nunc
