1649 2452
565 113 679 154 LIB.
709 113 787 154 IX.
808 114 847 162 7,
868 115 907 154 8.
1311 115 1389 155 543

66 166 111 200 A.
125 166 162 199 C.
179 167 250 201 818.

65 209 193 267 pacis.
252 167 349 270 hgo
367 212 521 266 tamen,
544 210 711 270 quando
730 226 868 270 neque
888 209 941 256 de
960 223 1071 256 noxa
1089 211 1236 254 nostra
1254 224 1390 267 neque
1403 214 1429 251 4

64 273 118 320 de
137 289 260 333 poena
276 275 515 330 rettulistis,
538 276 694 322 omissa
714 275 969 328 defensione,
985 290 1078 332 quae
1097 289 1183 319 non
1202 273 1390 319 difficilli-

63 353 133 384 ma
151 342 264 384 esset
284 339 531 397 apudvhaud
550 340 719 398 ignaros
740 340 1004 384 fortunarum
1023 339 1299 383 humanarum
1320 353 1391 383 ne-

64 402 422 462 cessitatimnque‚
445 405 700 449 sententiam
721 404 773 449 de
793 419 843 449 eo
864 403 916 449 de
937 417 1020 462 quo
1044 402 1270 448 rettulistis
1291 418 1390 461 pau·

64 467 124 513 cis
150 482 377 526 peragam:
410 484 503 527 quae
535 469 748 514 sententia
777 468 900 513 testis
931 469 1024 522 erit,
1056 467 1212 512 mihine
1243 482 1297 512 an
1335 467 1389 512 le-

63 531 258 591 gionibus
288 533 441 578 vestris
482 534 752 592 pepercerim,
783 549 913 591 quum
952 547 1019 578 me
1059 547 1136 576 seu
1163 532 1280 590 turpi
1315 547 1391 576 seu

62 596 300 642 necessaria
327 597 551 655 sponsione
579 597 814 643 obstrinxi:
849 611 932 654 qua
961 600 1115 649 tamen,
1137 595 1303 654 quando
1330 596 1390 640 in·

61 663 186 719 jussu
213 661 361 720 populi
387 662 501 707 facta
527 665 606 716 est,
635 677 721 706 non
746 665 919 720 tenetur
948 660 1130 720 populus
1158 661 1389 714 Romanus,

63 739 142 770 nec
172 725 394 783 quicquam
426 741 479 771 ex
509 741 560 771 ea
590 730 744 784 praeter
775 740 901 783 quarn
933 740 1109 782 corpora
1137 729 1283 770 nostra
1322 725 1390 770 de·
1457 732 1463 741 ”

63 787 219 834 bentur
248 790 542 835 Samnitibus‘}
572 789 774 835 dedamur
804 805 878 847 per
914 789 1077 834 fetiales
1109 789 1213 834 nudi
1239 790 1390 834 vincti-

65 868 158 912 que,
182 853 445 898 exsolvamus
475 840 677 913 religione
698 853 900 912 populum
929 854 966 898 si
987 869 1070 912 qua
1098 853 1388 912 obligavimus,

63 932 118 962 ne
138 917 240 977 quid
260 918 390 963 divini
409 919 633 964 humanive
654 917 795 963 obstet
812 933 895 976 quo
917 918 1056 963 minus
1073 919 1237 977 justum
1253 919 1389 977 pium-

65 997 147 1040 que
177 981 229 1027 de
258 982 425 1042 integro
456 983 624 1028 ineatur
653 982 823 1027 bellum.
884 983 1057 1028 Interea
1086 983 1279 1028 consules
1319 996 1423 1032 (ὲκ-5
1507 1013 1510 1018 -

64 1046 239 1091 ercitum
275 1047 456 1101 scribere
492 1062 653 1093 armare
682 1047 861 1092 educere
900 1047 1039 1105 placet
1071 1063 1150 1093 nec
1179 1048 1296 1106 prius
1325 1049 1417 1093 in-,r
1507 1082 1514 1084 -

62 1109 184 1169 gredi
217 1110 404 1156 hostium
439 1112 542 1157 fines
578 1127 702 1169 quam
738 1111 878 1156 omnia
904 1112 1022 1169 justa
1056 1112 1101 1156 in
1134 1112 1388 1158 deditionem

62 1179 252 1220 nostram
282 1176 470 1234 perfecta
508 1180 646 1221 erunt.
706 1175 811 1231 Vos,
842 1175 901 1220 dii
938 1176 1209 1232 immortales,
1239 1189 1424 1235 precor6

64 1254 303 1299 quaesoque,
334 1240 371 1285 si
399 1241 517 1286 vobis
547 1256 634 1285 non
672 1240 754 1284 fuit
795 1240 912 1285 cordi
948 1241 1018 1298 Sp.
1040 1240 1307 1286 Postumium
1336 1242 1388 1286 Τ.

68 1305 294 1350 Veturium
332 1305 526 1351 consules
559 1321 656 1351 cum
698 1305 956 1350 Samnitibus
996 1320 1195 1366 prospere
1233 1306 1406 1352 bellum

63 1384 225 1429 gerere,
264 1373 310 1415 at
338 1385 414 1415 vos
454 1370 557 1416 satis
598 1369 788 1414 habeatis
818 1369 973 1414 vidisse
1012 1385 1089 1415 nos
1130 1370 1209 1416 sub
1234 1373 1389 1430 jugum

63 1434 215 1479 missos
234 1434 391 1479 vidisse
417 1434 642 1493 sponsione
668 1433 815 1478 infami
841 1433 1062 1492 obligatos,
1084 1434 1227 1480 videre
1253 1435 1389 1481 nudos

63 1499 312 1559 vinctosque
341 1499 536 1544 hostibus
563 1498 729 1543 deditos
756 1513 923 1543 omnem
949 1499 1055 1543 iram
1082 1499 1267 1545 hostium
1293 1516 1391 1546 nos-

63 1563 142 1609 tris
173 1563 383 1622 capitibus
412 1563 695 1622 excipientes:
736 1577 869 1608 novos
899 1563 1091 1609 consules
1120 1564 1389 1624 legionesque

63 1627 278 1673 Romanas
318 1628 381 1673 ita
418 1643 514 1673 cnm
557 1627 743 1672 Samnite
784 1643 931 1686 gerere
969 1627 1126 1673 bellum
1161 1629 1299 1674 velitis
1338 1634 1389 1674 ut

64 1693 204 1738 omnia
230 1696 330 1738 ante
358 1707 437 1737 nos
466 1691 659 1737 consules
686 1691 795 1736 bella
822 1695 944 1750 gesta
973 1691 1117 1738 sunt.’‘
1178 1694 1285 1742 Quae
1315 1693 1424 1746 ubi7

64 1757 184 1812 dixit,
215 1761 339 1802 tanta
367 1757 494 1802 simul
522 1756 743 1801 admiratio
776 1757 1075 1816 miseratioque
1102 1757 1182 1803 viri
1215 1758 1388 1806 incessit

63 1823 265 1878 homines,
285 1826 336 1868 ut
362 1823 487 1868 modo
506 1822 579 1867 vix
609 1821 828 1867 crederent
855 1821 973 1866 illum
994 1822 1172 1868 eundem
1200 1839 1292 1870 esse
1315 1825 1386 1882 Sp.

62 1887 332 1934 Postumium
365 1888 438 1947 qui
467 1890 615 1933 auctor
644 1890 733 1931 tarn
767 1885 888 1932 foedae
918 1887 1033 1945 pacis
1067 1887 1230 1943 fuisset,
1262 1890 1388 1935 modo

63 1952 374 2007 miserarentur,
416 1951 530 2011 quod
568 1951 634 1996 vir
673 1950 770 1996 talis
810 1951 938 1996 etiam
979 1951 1236 2010 praecipuum
1275 1955 1388 2013 apud

63 2017 210 2063 hostes
250 2017 501 2076 supplicium
543 2031 744 2074 passurus
785 2019 899 2060 esset
936 2015 990 2062 ob
1025 2016 1130 2061 iram
1170 2016 1387 2077 diremptae

63 2083 192 2141 pacis.
254 2083 400 2132 Quum
430 2097 574 2127 omnes
605 2079 800 2125 laudibus
831 2079 955 2125 modo
994 2086 1296 2140 prosequentes
1326 2085 1422 2135 xri-8

63 2162 160 2192 rum
185 2147 232 2192 in
256 2146 509 2192 sententiam
537 2145 627 2204 ejus
655 2143 832 2202 pedibus
859 2145 981 2199 irent,
1002 2149 1210 2204 temptata
1236 2148 1387 2205 paulis-

64 2226 140 2268 per
177 2211 423 2257 intercaesio
462 2214 529 2256 est
569 2209 622 2255 ab
651 2209 703 2254 L.
726 2208 850 2254 Livio
880 2213 924 2254 et
956 2209 1005 2264 Q.
1026 2210 1169 2256 Maelio
1204 2212 1386 2259 tribunis

63 2275 215 2342 plebis,
250 2277 325 2336 qui
362 2291 498 2337 neque
540 2273 701 2322 cxsolvi
740 2273 940 2334 religione
978 2275 1181 2335 populum
1221 2277 1386 2326 aiebant
