1649 2452
230 146 310 183 402
549 145 595 185 T.
626 143 776 185 LIVII
808 140 1228 186 HISTORIARUM
1347 199 1407 239 [A
1425 199 1462 232 c
1479 199 1552 235 37ἵό

230 237 359 283 etiam
389 239 426 284 si
453 254 553 284 vera
581 239 680 293 sint,
704 239 771 284 vel
799 232 926 285 fateri
954 239 1075 285 nobis
1106 256 1167 294 ea,
1192 256 1324 298 quum
1352 244 1442 285 tam
1469 242 1554 286 evi-

168 305 217 343 10
231 302 379 348 denter
406 304 664 361 poenituerit,
695 306 838 348 tutum
867 319 1098 349 censemus.
1160 305 1405 350 Peccetur
1393 320 1439 350 m
1465 321 1553 362 vos,

230 366 331 412 dum
373 365 492 426 digni
532 367 626 412 sitis
670 367 820 426 quibus
860 368 922 412 ita
962 369 1181 414 satisfiat?
1242 369 1426 414 Tantum
1466 364 1554 414 fere

168 435 214 472 11
229 430 454 477 verborum
483 431 534 477 ab
563 432 811 477 Tusculanis
839 431 1012 478 factum.
1073 433 1268 478 Pacem
1256 449 1302 477 111
1330 433 1556 490 praesentia

229 511 308 541 nec
327 496 392 540 ita
410 496 544 541 multo
577 499 673 553 post
696 496 910 541 civitatem
931 489 1057 542 etiam
1078 497 1424 556 impetraverunt.
1487 497 1554 543 Ab

231 560 415 606 Tusculo
436 561 622 619 legiones
643 560 841 606 reductae.

117 623 218 678 (27)
293 625 508 680 Camillus,
529 625 702 670 consilio
723 629 766 670 et
787 626 981 670 virtute
968 642 1014 671 111
1034 626 1196 671 Vulsco
1215 625 1336 679 bello,
1353 626 1555 672 felicitate

229 689 276 734 in
303 689 541 734 Tusculana
569 689 847 746 expeditione,
877 690 1103 749 utrobique
1129 689 1333 749 singulari
1353 690 1554 745 adversus

230 754 433 812 collegam
461 753 665 811 patientia
693 757 736 798 01
765 753 1052 799 moderatione
1079 755 1270 813 insignis,
1302 755 1556 813 magistratu

230 817 346 873 abiit,
370 819 521 863 creatis
543 818 726 863 tribunis
747 817 998 863 militaribus
1020 820 1065 863 in
1085 819 1378 877 insequentem
1401 834 1555 864 annum

228 882 281 926 L.
305 886 348 927 et
378 883 427 927 P.
450 882 827 927 Valeriis—Lucio
866 884 1062 942 quintum
1092 883 1244 928 Publio
1274 883 1555 929 tertium—et

231 946 336 991 Gaio
360 947 506 1004 Sergio
527 947 703 991 tertium
724 947 860 992 Lucio
881 947 1082 992 Menenio
1109 948 1266 992 iterum
1294 947 1447 992 Publio
1475 948 1556 993 Pa-

192 1012 338 1070 2pirio
375 1013 520 1058 Servio
558 1013 754 1058 Cornelio
789 1013 1099 1072 Maluginense.
1160 1013 1416 1058 Censoribus
1453 1030 1556 1073 quo-

231 1094 313 1137 que
341 1079 459 1137 eguit
488 1095 622 1123 annus
651 1079 830 1124 maxime
858 1081 1031 1137 propter
1058 1080 1260 1124 incertam
1287 1079 1441 1124 famam
1462 1080 1554 1125 aeris

232 1143 368 1196 alieni,
406 1142 735 1201 adgravantibus
767 1159 972 1188 summam
1003 1143 1130 1188 etiam
1160 1143 1327 1188 invidiae
1357 1146 1448 1201 ejus
1480 1145 1556 1189 tri-

230 1206 354 1252 bunis
383 1207 529 1266 plebis,
560 1224 690 1266 quum
719 1208 770 1253 ab
791 1209 842 1253 iis
871 1208 1119 1264 elevaretur,
1141 1209 1292 1267 quibus
1318 1209 1400 1254 fide
1420 1210 1554 1268 magis

231 1287 358 1330 quam
377 1271 550 1317 fortuna
570 1272 815 1317 debentium
834 1271 1024 1318 laborare
1049 1272 1257 1317 creditum
1278 1272 1411 1317 videri
1431 1289 1556 1331 expe-

190 1337 385 1383 3diebat.
468 1339 610 1384 Creati
647 1355 840 1385 censores
877 1339 925 1384 C.
950 1339 1159 1397 Sulpicius
1198 1339 1444 1384 Camerinus
1482 1341 1553 1398 Sp.

229 1403 478 1448 Postumius
514 1403 783 1462 Reg'dlensis,
822 1407 1041 1462 coeptaque
1066 1407 1156 1461 jam
1188 1420 1254 1449 res
1287 1408 1422 1448 morte
1452 1404 1554 1449 Pos-

229 1467 366 1524 tumii,
408 1468 506 1527 quia
546 1468 748 1528 collegam
789 1469 924 1514 suffici
965 1469 1128 1514 censori
1168 1469 1315 1528 religio
1351 1472 1454 1523 erat,
1491 1469 1555 1514 in-

190 1533 455 1590 4terpellata
484 1536 562 1578 est.
645 1534 787 1592 Igitur
817 1549 949 1592 quum
982 1533 1194 1592 Sulpicius
1235 1533 1472 1579 abdicasset
1508 1549 1554 1579 se

230 1599 497 1656 magistratu,
540 1615 735 1645 censores
776 1600 847 1644 alii
886 1600 990 1645 vitio
1033 1600 1164 1645 creati
1202 1615 1288 1644 non
1327 1604 1554 1659 gesserunt

230 1664 553 1722 magistratum:
584 1665 735 1710 tertios
757 1665 890 1710 creari
909 1664 1025 1709 velut
1047 1664 1125 1709 diis
1147 1680 1233 1709 non
1253 1664 1553 1722 accipientibus

190 1734 214 1772 5
230 1727 275 1772 in
306 1744 402 1773 eum
433 1744 589 1773 annum
624 1745 842 1774 censuram
879 1729 1122 1787 religiosum
1157 1729 1251 1774 fuit.
1311 1729 1417 1774 Eam
1453 1745 1553 1774 vero

230 1793 555 1839 ludificationem
586 1793 718 1852 plebis
757 1794 920 1839 tribuni
954 1794 1170 1839 ferendam
1204 1793 1442 1852 negabant:
1487 1794 1554 1839 fu-

230 1873 330 1916 gere
361 1862 555 1904 senatum
582 1861 715 1904 testes
745 1858 911 1904 tabulas
939 1858 1127 1917 publicas
1155 1874 1305 1904 census
1334 1859 1552 1917 cujusque,

231 1923 330 1980 quia
348 1923 484 1968 nolint
507 1923 691 1981 conspici
711 1939 917 1968 summam
938 1923 1031 1968 aeris
1053 1923 1188 1978 alieni,
1206 1938 1297 1982 quae
1318 1923 1554 1968 indicatura

230 1987 287 2032 sit
318 1987 550 2033 demersam
585 1991 750 2047 partem
781 2004 805 2032 a
834 1991 954 2047 parte
990 1987 1186 2041 civitatis,
1220 2003 1352 2045 quum
1382 1988 1553 2033 interim

230 2051 457 2097 obaeratam
492 2052 656 2110 plebem
692 2053 893 2111 objectari
928 2050 1019 2097 aliis
1055 2054 1182 2110 atque
1217 2051 1307 2096 aliis
1343 2051 1550 2098 hostibus·

189 2117 391 2163 6Passim
417 2118 502 2176 jam
533 2118 622 2163 sine
650 2118 736 2163 ullo
765 2117 1002 2162 discrimine
1029 2115 1138 2162 bella
1160 2117 1314 2175 quaeri:
1348 2116 1399 2162 ab
1420 2117 1551 2162 Antio

231 2183 454 2236 Satricum,
498 2181 550 2227 ab
589 2183 751 2228 Satrico
788 2182 986 2235 Velitras,
1024 2180 1120 2227 inde
1156 2180 1383 2227 Tusculum
1422 2181 1551 2240 legio-

229 2263 303 2293 nes
326 2247 502 2292 ductas:
532 2247 699 2292 Latinis
729 2247 928 2292 Hernicis
950 2246 1223 2292 Praenestinis
1238 2249 1329 2304 Jam
1349 2247 1550 2292 intentari

229 2328 345 2359 arma
379 2312 532 2360 civium
567 2312 700 2372 magis
737 2328 861 2372 quani
896 2312 1083 2358 hostium
1118 2310 1226 2367 odio,
1264 2314 1314 2358 ut
1348 2312 1395 2358 in
1423 2312 1549 2359 armis
