1649 2452
134 99 211 136 558
455 95 501 134 T.
525 94 675 135 LIVII
711 92 1129 133 HISTORIARUM

133 191 296 235 tionum
323 191 512 248 patet-,
543 188 742 233 adversus
767 201 863 231 eum
889 201 1012 231 nemo
1039 201 1092 231 ex
1117 188 1184 230 tot
1211 142 1453 244 piddssiiiis

97 254 336 299 4Romanis
369 269 514 299 vocem
548 252 721 296 liberam
759 251 964 295 missurus
1004 250 1164 295 fuerit?
1196 249 1455 309 quantalibet

134 317 380 377 magnitudo
408 315 587 362 hominis
618 315 877 372 concipiatur
906 314 1056 367 animo,
1083 314 1208 358 unius
1235 318 1377 358 tamen
1407 328 1456 358 ea

135 381 381 440 magnitudo
411 379 592 425 hominis
621 379 702 423 erit
731 378 908 423 collecta
935 378 1059 436 paulo
1087 378 1181 436 plus
1212 377 1354 422 decem
1385 391 1456 420 an-

137 461 288 491 norum
307 445 534 490 felicitate:
568 458 692 500 quam
722 442 794 500 qui
814 457 863 487 eo
894 442 1116 497 extollunt,
1139 441 1249 501 quod
1275 441 1457 500 populus

137 511 354 555 Romanus
382 512 425 553 et
455 508 491 553 si
517 507 632 551 nullo
659 506 768 551 bello
796 506 939 551 multis
965 509 1108 551 tamen
1137 506 1292 564 proeliis
1319 505 1457 550 victus

139 575 208 627 sit,
231 573 469 618 Alexandro
497 571 654 616 nullius
682 586 834 629 pugnae
863 585 950 615 non
979 569 1162 616 secunda
1181 571 1352 614 fortuna
1370 569 1458 613 fue-

138 639 208 692 rit,
230 653 315 682 non
334 636 576 694 intelligunt
597 650 642 680 se
662 635 842 679 hominis
863 649 930 679 res
959 637 1100 693 gestas
1121 638 1164 679 et
1185 634 1274 692 ejus
1290 634 1468 691 juvenis.

141 717 238 747 cum
268 701 411 759 populi
444 701 531 758 jam
563 699 959 756 octingentesimum
986 698 1179 743 bellantis
1210 713 1366 742 annum
1395 713 1461 742 re-

139 766 219 811 bus
251 765 468 810 conferre:
498 764 700 808 miremur
729 763 777 817 si,
810 778 939 820 quum
969 778 1021 807 ex
1050 762 1129 807 hac
1158 766 1278 820 parte
1310 761 1464 807 saecula

141 830 262 888 plura
282 831 558 874 numerentur
585 843 710 886 quam
738 842 791 871 ex
820 826 891 871 illa
910 826 1020 881 anni,
1040 826 1135 884 plus
1156 827 1200 871 in
1228 829 1316 870 tam
1335 825 1462 882 longo

143 894 278 952 spatio
307 909 432 951 quam
460 893 506 937 in
531 894 657 937 aetate
676 890 878 936 tredecim
905 906 1108 935 annorum
1135 891 1306 935 fortuna
1331 891 1464 936 varia-

106 966 129 1002 5
143 958 285 1002 verit?
318 957 419 1016 quin
438 959 489 1001 tu
518 956 698 1000 hominis
725 970 820 1000 cum
841 955 1008 1000 homine
1029 958 1072 999 et
1103 954 1221 1000 ducis
1242 970 1338 1000 cum
1359 954 1464 1000 duce

145 1023 358 1067 fortunam
389 1036 484 1066 cum
515 1020 687 1065 fortuna.
720 1019 916 1064 confers?
959 1023 1062 1077 quot
1092 1019 1307 1064 Romanos
1337 1019 1464 1064 duces

143 1086 366 1140 nominem,
384 1085 535 1144 quibus
557 1099 784 1142 numquam
805 1084 978 1129 adversa
997 1084 1170 1128 fortuna
1189 1099 1341 1142 pugnae
1361 1083 1462 1128 fuit!

144 1151 318 1209 paginas
338 1150 384 1194 in
412 1148 628 1194 annalibus
649 1148 972 1207 magistratuum
1000 1148 1204 1206 fastisque
1223 1163 1467 1206 percurrerc

145 1217 244 1260 licet
273 1214 491 1259 consulum
521 1213 868 1270 dictatorumque,
893 1228 1070 1271 quorum
1097 1229 1174 1258 nec
1192 1213 1364 1258 virtutis
1391 1227 1468 1257 nec

146 1280 329 1324 fortunae
360 1278 442 1322 ullo
472 1278 538 1322 die
566 1277 766 1336 populum
793 1277 1033 1321 Romanum
1063 1277 1289 1335 poenituit:
1321 1280 1364 1322 et
1386 1291 1468 1335 quo

148 1344 234 1388 sint
276 1341 547 1387 mirabiliores
581 1356 706 1400 quam
740 1341 979 1386 Alexander
1014 1348 1088 1386 aut
1124 1341 1339 1399 quisquam
1381 1356 1469 1394 rex,

149 1408 277 1453 denos
314 1407 565 1464 vicenosque
599 1405 688 1450 dies
725 1405 891 1464 quidam
932 1405 1183 1450 dictaturam
1221 1420 1343 1450 nemo
1375 1405 1469 1464 plus

149 1487 273 1531 quam
306 1487 461 1516 annum
493 1470 756 1516 consulatum
787 1470 932 1528 gessit,
962 1470 1013 1514 ab
1043 1470 1223 1515 tribunis
1251 1469 1383 1528 plebis
1413 1469 1471 1515 di-

148 1537 284 1582 lectus
312 1535 504 1594 impediti
531 1538 645 1587 sunt,
667 1538 764 1592 post
794 1539 962 1592 tempus
983 1534 1035 1579 ad
1064 1535 1172 1580 bella
1201 1535 1352 1590 ierunt,
1373 1540 1471 1580 ante

149 1605 317 1659 tempus
339 1600 604 1646 comitiorum
631 1614 758 1644 causa
782 1599 967 1644 revocati
993 1602 1105 1652 sunt,
1128 1599 1172 1643 in
1198 1599 1290 1656 ipso
1318 1602 1471 1644 conatu

149 1681 289 1710 rerum
312 1664 559 1723 circumegit
579 1678 625 1708 se
647 1679 792 1716 annuS,
811 1663 979 1722 collegae
1000 1679 1111 1709 nunc
1126 1663 1340 1709 temeritas
1360 1678 1473 1709 nunc

151 1729 336 1788 pravitas
357 1727 656 1786 impedimento
687 1731 762 1772 aut
783 1727 933 1772 damno
954 1728 1048 1783 fuit,
1068 1727 1175 1772 male
1195 1727 1326 1785 gestis
1346 1727 1472 1773 rebus

152 1793 325 1839 alterius
353 1807 595 1838 successum
623 1794 701 1847 est,
725 1792 905 1837 tironem
933 1796 1006 1837 aut
1034 1792 1142 1837 mala
1168 1791 1386 1851 disciplina
1411 1793 1474 1836 in-

153 1859 352 1903 stitutum
373 1858 604 1903 exercitum
628 1860 956 1914 acceperunt—z
990 1860 1033 1902 at
1059 1856 1227 1902 hercule
1248 1871 1368 1914 reges
1389 1871 1474 1901 non

152 1922 273 1968 liberi
303 1922 439 1967 solum
469 1921 777 1980 impedimentis
808 1921 1000 1967 omnibus
1040 1921 1115 1967 sed
1144 1920 1299 1966 domini
1334 1936 1474 1966 rerum

153 1991 472 2045 temporumque
507 1986 682 2030 trahunt
713 1986 895 2031 consiliis
930 1990 1082 2032 cuncta
1110 2001 1195 2031 non
1224 1989 1471 2044 sequuntur.

118 2062 141 2099 6
155 2052 346 2097 Invictus
368 2067 467 2109 ergo
487 2050 726 2096 Alexander
746 2066 843 2096 cum
864 2052 1030 2096 invictis
1052 2050 1227 2096 ducibus
1247 2050 1356 2095 bella
1382 2066 1474 2108 ges·

156 2116 281 2161 sisset
298 2119 341 2161 et
358 2116 503 2161 eadem
524 2115 706 2161 fortunae
726 2116 901 2175 pignora
919 2117 965 2160 iu
984 2115 1206 2161 discrimen
1226 2114 1471 2160 detulisset:

156 2181 283 2225 immo
310 2181 435 2224 etiam
464 2195 513 2225 eo
538 2180 632 2238 plus
663 2180 835 2238 periculi
863 2180 1057 2234 subisset,
1081 2179 1192 2238 quod
1218 2178 1474 2225 Macedones

156 2260 286 2292 unum
307 2244 591 2292 Alexandrum
620 2245 865 2293 habuissent
885 2244 1028 2291 multis
1049 2244 1214 2293 casibus
1234 2259 1319 2291 non
1339 2243 1474 2291 solum
