1649 2452
594 147 706 186 LIB.
737 147 790 186 X.
821 149 938 186 6-8.
1355 148 1433 189 607

111 199 315 251 15505]

110 242 203 315 spei
221 241 312 287 fore
340 240 507 287 senatui
528 241 768 300 populoque
795 241 990 286 Romano
1019 240 1064 285 in
1093 239 1281 298 patriciis
1310 255 1436 315 quam

109 306 157 351 in
184 305 358 364 plebeiis
389 304 593 357 ducibus:
631 305 804 354 “Quod
839 322 968 364 quum
1004 305 1066 350 ita
1094 320 1140 350 se
1170 304 1436 358 1131)531,5111

111 368 287 414 deornm
327 369 597 414 hominumve
643 370 864 428 indignum
905 369 1039 414 videri
1081 369 1253 426 potest''
1295 369 1435 428 inquit

110 435 224 478 “eos
260 434 388 490 viros,
424 449 530 492 quos
565 448 640 478 vos
681 434 794 479 sellis
832 434 1047 479 curulibus
1087 437 1190 491 toga
1229 438 1437 491 praetexta

109 497 256 542 11111153
282 498 467 556 palmata
495 501 538 543 et
561 502 663 557 toga
689 499 804 557 picta
832 503 875 544 et
903 513 1057 544 corona
1083 498 1330 556 triumphali
1349 498 1436 543 lau·

109 577 264 621 reaque
291 562 564 616 honoraritis,
594 578 769 622 quorum
803 562 948 608 domos
978 561 1121 621 spoliis
1152 562 1338 608 hostium
1365 562 1437 607 ad-

109 626 213 671 fixis·
244 627 431 686 insignes
473 627 585 672 inter
625 627 726 671 alias
766 627 965 680 feceritis,
1008 626 1263 685 pontificalia
1310 631 1436 685 atque

110 690 329 749 auguralia
358 691 542 750 insignia
571 691 784 750 adjicere?
827 691 900 750 qui
931 691 1050 736 Jovis
1082 691 1230 749 optimi
1266 691 1437 736 maximi

110 758 264 800 ornatu
299 754 521 800 decoratus
563 770 691 800 curru
732 760 879 800 aurato
915 771 991 814 per
1024 755 1173 800 urbem
1208 760 1356 800 vectus
1393 756 1437 800 in

111 819 369 878 Capitolium
404 820 653 876 ascenderit,
685 821 721 865 is
754 819 1038 878 conspiciatur
1076 835 1172 864 cum
1208 819 1354 878 capide
1389 835 1437 865 ac

111 884 218 929 lituo
240 885 378 942 capite
398 885 549 939 velato,
571 885 784 929 victimam
812 883 944 929 caedet
966 884 1242 942 auguriumve
1270 900 1323 929 ex
1344 900 1437 930 aree

111 949 280 1006 capiet?
313 949 435 1008 cujus
463 949 656 1008 imaginis
683 949 811 994 titulo
839 948 1084 993 consulatus
1114 964 1372 1008 censuraque
1393 954 1437 995 et

109 1013 352 1071 triumphus
373 1029 494 1072 aequo
523 1014 660 1058 animo
681 1013 859 1071 legetur,
884 1013 921 1058 si
948 1017 1203 1071 auguratum
1232 1017 1306 1058 aut
1334 1029 1437 1072 pon-

111 1078 318 1122 tificatum
348 1077 600 1136 adjeceritis,
627 1078 698 1137 qui
728 1077 1000 1122 sustinebunt
1030 1077 1263 1136 legentium
1293 1078 1435 1124 oculi?

112 1141 467 1201 equidem—pace
494 1142 672 1187 dixerim
700 1142 956 1187 desim—eos
985 1157 1061 1186 nos
1078 1143 1164 1200 jam
1187 1143 1331 1200 populi
1351 1143 1436 1188 Ro-

111 1207 226 1252 mani
254 1207 455 1252 beneficio
491 1222 583 1252 5555
619 1223 755 1266 spero,
787 1207 860 1265 qui
895 1207 1141 1252 sacerdot-iis
1176 1222 1261 1251 non
1297 1207 1436 1252 minus

111 1271 336 1317 reddamus
358 1272 601 1330 dignatione
621 1277 769 1317 nostra
796 1273 970 1316 honoris
992 1287 1118 1330 quam
1139 1272 1436 1330 acceperimus,

112 1340 156 1382 et
178 1336 352 1382 deorum
366 1337 500 1396 magis
519 1352 643 1396 quam
663 1340 812 1381 nostra
833 1352 960 1382 531153
980 1339 1227 1395 expetamus
1248 1341 1312 1390 ut,
1331 1353 1436 1396 quos

111 1401 309 1460 privatim
342 1402 530 1455 colimus,
566 1401 730 1460 publice
763 1401 962 1446 colamus.
1027 1400 1145 1450 Quid
1180 1405 1323 1446 autem
1356 1417 1436 1460 ego
1450 1405 1521 1455 (8)

113 1466 174 1512 sic
194 1466 331 1511 adhuc
351 1467 432 1525 egi,
451 1472 670 1525 tamquam
690 1467 858 1524 integra
878 1466 934 1510 sit
950 1481 1077 1511 causa
1091 1466 1364 1538 patriciorum
1385 1467 1437 1512 de

113 1530 358 1576 sacerdotiis
386 1535 429 1575 et
456 1546 542 1575 non
555 1534 647 1588 jam
675 1530 720 1574 in
747 1531 1011 1603 possessione
1039 1530 1165 1575 11111115
1195 1531 1437 1590 amplissimi

114 1596 245 1641 simus
276 1595 500 1640 sacerdotii
517 1594 845 1640 z—decemviros
877 1595 1006 1640 sacris
1041 1595 1263 1652 faciundis,
1294 1597 1438 1642 carmi-

112 1675 216 1704 num
247 1659 414 1718 Sibyllae
444 1675 492 1705 ac
522 1660 708 1704 fatorum
740 1659 884 1733 populi
913 1659 1042 1718 hujus
1073 1631 1339 1718 interpretes,
1366 1676 1438 1706 an-

113 1725 274 1770 tistites
296 1724 465 1770 eosdem
485 1723 740 1783 Apollinaris
762 1725 870 1769 sacri
898 1725 1314 1784 caerimoniarumque
1341 1726 1439 1772 alia-

113 1805 209 1834 rnm
229 1788 414 1848 plebeios
428 1789 630 1834 videmus.
672 1788 768 1834 Nec
788 1793 930 1833 autem
950 1793 1044 1833 tum
1063 1789 1251 1847 patriciis
1272 1789 1358 1834 ulla
1377 1791 1440 1835 in·
1453 1799 1476 1836 2

111 1854 223 1913 juria
241 1854 440 1963 11151ἰῶ1
461 1869 594 1912 quum
616 1853 849 1898 duumviris
870 1853 999 1898 sacris
1020 1853 1228 1899 faciundis
1250 1853 1439 1912 adjectus

115 1922 181 1964 est
220 1934 325 1977 prop
373 1935 394 1962 r
432 1918 617 1977 plebeios
652 1933 866 1971 numerus,
903 1922 947 1962 et
987 1933 1100 1963 1111115
1125 1918 1336 1964 'tribunus
1377 1920 1441 1964 vir

115 1983 238 2028 fortis
260 1998 308 2028 ac
329 1988 528 2028 strenuus
551 1982 735 2040 quinque
764 1997 972 2040 augurum
993 1982 1084 2027 loca
1112 1987 1313 2041 quattuor
1340 1999 1440 2042 pon·

115 2048 276 2093 tificum
298 2047 452 2106 adJecit
480 2047 525 2091 in
553 2062 645 2105 quae
673 2046 825 2105 plebeii
853 2047 1136 2098 nominentur,
1159 2062 1242 2092 non
1270 2051 1321 2092 ut
1349 2064 1438 2102 vos,

116 2113 248 2172 Appi,
269 2118 413 2158 vestro
439 2112 532 2157 1050
560 2111 717 2171 pellant
748 2111 822 2157 sed
848 2114 899 2156 nt
926 2111 1128 2170 adjuvent
1150 2128 1224 2158 vos
1250 2112 1440 2158 homines

117 2177 270 2237 plebeii
289 2177 442 2223 divinis
463 2192 630 2236 quoque
650 2176 777 2221 rebus
792 2176 1066 2236 procurandis
1082 2178 1193 2223 sicut
1212 2177 1258 2224 in
1277 2179 1439 2223 caeteris

119 2242 312 2288 humanis
345 2257 424 2300 pro
457 2245 579 2301 parte
613 2240 722 2286 virili
762 2240 977 2299 adjuvant.
1038 2241 1140 2287 Noli
1179 2241 1437 2296 erubescere,
1453 2252 1475 2288 3

121 2308 250 2367 Appi,
278 2306 479 2370 collegam
505 2307 550 2353 111
578 2305 810 2353 sacerdotio
841 2306 1006 2362 habere,
1037 2323 1161 2368 quem
1192 2307 1235 2354 in
1262 2322 1438 2355 censura
