1649 2452
518 93 629 133 LIB.
658 92 735 132 VI.
771 93 941 132 18—20.
1312 92 1391 135 393

12 197 18 204 '
80 146 433 247 prgiftigiiiibestem
455 193 692 234 mutarent:
725 191 806 248 Ap.
825 188 999 234 Claudio
1019 187 1064 232 in
1079 186 1243 232 vincula
1263 187 1390 233 ducto

80 253 128 298 C.
161 253 382 299 Claudium
422 253 632 298 inimicum
676 253 979 310 Claudiamque
1017 267 1181 297 omnem
1221 255 1389 310 gentem

78 317 331 363 sordidatam
352 318 508 363 fuisse:
539 333 746 363 consensu
773 317 951 376 opprimi
980 316 1221 375 popularem
1241 316 1390 372 virum,

78 382 189 440 quod
220 383 377 441 primus
405 397 432 426 a
458 381 648 440 patribus
677 382 729 426 ad
757 383 919 441 plebem
947 381 1181 426 defecisset.
1243 380 1389 429 Quum
1407 389 1430 426 3

77 446 164 491 dies
186 447 313 500 venit,
337 462 429 505 quae
458 450 609 503 praeter
630 451 763 491 coetus
785 445 1065 490 multitudinis
1087 444 1388 504 seditiosasque

76 525 198 555 voces
219 516 262 556 et
283 510 549 569 largitionem
580 515 623 554 et
644 510 771 554 fallax
800 510 999 555 indicium
1020 509 1274 567 pertinentia
1294 524 1389 567 pro-

76 574 164 632 prie
185 575 237 619 ad
257 575 376 634 regni
406 575 563 619 crimen
583 574 635 620 ab
666 574 978 619 accusatoribus
1005 573 1169 632 objecta
1189 574 1274 618 sint
1300 589 1386 627 reo,

75 639 186 697 apud
206 639 411 684 neminem
433 644 648 684 auctorem
669 639 847 691 invenio,
863 654 940 684 nec
961 637 1107 683 dubito
1128 637 1240 682 haud
1260 652 1389 696 parva

77 703 216 757 tuisse,
240 719 367 761 quum
397 702 620 747 damnandi
647 719 764 747 mora
783 703 894 761 plebi
921 717 1006 747 non
1025 702 1070 747 in
1090 717 1216 747 causa
1243 701 1317 746 sed
1344 702 1390 746 in

73 767 164 812 loco
194 767 334 812 fuerit.
397 767 509 811 Illud
540 767 767 811 notandum
802 767 982 819 videtur,
1012 770 1061 811 ut
1092 766 1226 812 sciant
1256 766 1429 810 homi-4

72 847 160 886 nes,
181 848 273 890 quae
294 837 337 876 et
365 837 523 890 quanta
544 831 694 876 decora
714 830 824 875 foeda
851 830 1058 889 cupiditas
1079 830 1199 889 regni
1222 846 1307 875 non
1327 831 1390 875 in·

72 901 194 954 grata
213 895 346 940 solum
369 894 443 940 sed
463 895 598 940 invisa
619 897 745 940 etiam
766 895 994 940 reddiderit
1013 915 1022 940 ε
1054 895 1242 940 homines
1260 910 1389 953 prope

72 959 400 1018 quadringentos
423 959 671 1017 produxisse
693 959 859 1014 dicitur,
874 959 1025 1017 quibus
1047 959 1136 1004 sine
1157 959 1298 1004 fenore
1320 975 1390 1004 ex-

72 1039 221 1082 pensas
243 1023 438 1082 pecunias
460 1024 642 1078 tulisset,
667 1040 844 1082 quorum
871 1024 981 1069 bona
999 1024 1154 1077 venire,
1173 1039 1278 1082 quos
1291 1023 1390 1068 duci

71 1087 260 1133 addictos
289 1088 601 1147 prohibuisset:
634 1088 685 1132 ad
706 1089 795 1134 haec
817 1089 967 1133 decora
987 1104 1152 1147 quoque
1179 1088 1276 1133 belli
1303 1103 1389 1132 non

70 1154 415 1198 commemorasse
452 1158 616 1197 tantum
655 1153 728 1197 sed
765 1153 989 1211 protulisse
1025 1153 1150 1197 etiam
1185 1152 1389 1210 conspici-

70 1217 187 1270 enda,
212 1217 342 1275 spolia
363 1217 546 1261 hostium
571 1233 771 1262 caesorum
794 1217 846 1262 ad
866 1218 1054 1276 triginta,
1078 1217 1187 1261 dona
1209 1217 1388 1275 impera-

69 1291 206 1326 torum
230 1281 282 1326 ad
304 1281 592 1340 quadraginta,
614 1283 658 1326 in
680 1282 830 1340 quibus
859 1282 1044 1341 insignes
1073 1282 1176 1326 duas
1207 1280 1386 1326 murales

69 1361 255 1399 coronas,
295 1347 446 1391 civicas
487 1352 596 1390 octo.
657 1346 725 1391 Ad
763 1347 841 1391 hoc
877 1351 1066 1391 servatos
1101 1361 1154 1391 ex
1192 1345 1426 1391 hostibus5

68 1411 179 1455 cives
204 1409 412 1468 produxit,
434 1411 545 1455 inter
566 1426 670 1468 quos
693 1410 740 1455 C.
761 1411 982 1455 Servilium
1003 1411 1252 1469 magistrum
1273 1410 1385 1469 cqui-

66 1482 156 1519 tum
188 1475 402 1520 absentem
430 1476 704 1520 nominatum.
766 1475 823 1520 Et
852 1492 981 1535 quum
1009 1491 1059 1520 ea
1087 1490 1265 1534 quoque,
1293 1491 1384 1534 quae
1402 1483 1425 1520 6

67 1539 175 1584 bello
206 1547 328 1598 gesta
363 1545 516 1592 essent,
552 1555 625 1597 pro
658 1540 827 1598 fastigio
856 1556 998 1585 rerum
1033 1540 1223 1584 oratione
1258 1540 1386 1584 etiam

67 1604 456 1662 magnifica—facta
477 1604 600 1648 dictis
631 1604 1178 1663 aequando—memorasset,
1201 1603 1384 1648 nudasse

24 1723 30 1728 ,
68 1676 215 1726 pectus
244 1669 407 1727 insigne
437 1668 701 1713 cicatricibus
730 1669 837 1714 bello
867 1670 1060 1727 acceptis,
1084 1674 1127 1713 et
1155 1668 1385 1713 identidem

65 1732 316 1789 Capitolium
341 1739 535 1790 spectans
563 1733 712 1777 Jovem
742 1734 924 1792 deosque
954 1734 1056 1777 alios
1085 1733 1310 1778 devocasse
1330 1731 1384 1777 ad

64 1797 264 1841 auxilium
287 1797 551 1841 fortunarum
570 1813 738 1841 suarum
761 1803 1041 1855 precatusque
1062 1813 1154 1842 esse
1174 1801 1236 1853 ut,
1258 1812 1382 1856 quam

65 1867 245 1906 mentem
269 1861 347 1906 sibi
376 1861 653 1919 Capitolinam
687 1877 820 1906 arcem
852 1862 1092 1920 protegenti
1120 1861 1174 1906 ad
1203 1861 1382 1906 salutem

64 1925 205 1983 populi
237 1926 417 1970 Romani
449 1925 673 1978 dedissent,
704 1941 794 1970 eam
825 1925 979 1983 populo
1009 1926 1201 1970 Romano
1230 1926 1275 1971 in
1305 1941 1382 1971 suo

64 1989 300 2034 discrimine
331 1989 491 2043 darent,
525 1994 568 2034 et
599 1990 740 2035 orasse
776 1989 962 2049 singulos
997 1990 1297 2049 universosque
1331 1995 1381 2036 ut

64 2053 317 2111 Capitolium
348 2060 474 2113 atque
502 2069 638 2099 arcem
666 2055 893 2107 intuentes,
922 2058 972 2099 ut
1002 2054 1056 2099 ad
1086 2054 1186 2100 deos
1213 2055 1381 2100 immor-

62 2117 168 2162 tales
196 2119 305 2163 versi
331 2119 383 2163 de
409 2134 456 2163 se
480 2119 734 2176 judicarent.
795 2119 849 2164 In
876 2119 1033 2178 Campo
1061 2119 1222 2164 Martio
1251 2136 1380 2178 quum
1398 2124 1425 2166 7

64 2183 330 2226 centuriatim
374 2182 553 2240 populus
589 2184 792 2228 citaretur
825 2187 869 2228 et
903 2199 1000 2229 rens
1035 2183 1088 2229 ad
1124 2184 1379 2243 Capitolium

66 2260 213 2292 manus
230 2245 410 2293 tendens
429 2246 483 2293 ab
502 2247 741 2295 hominibus
761 2247 815 2294 ad
841 2247 943 2296 deos
969 2263 1114 2308 preces
1142 2249 1378 2304 avertisset,
