1649 2452
207 77 283 116 590
529 77 574 116 Τ.
597 76 747 115 LIVII
778 77 1195 116 HISTORIARUM

201 169 337 214 ituros
366 170 585 228 magnifice
614 169 665 214 de
691 185 736 214 sc
765 185 812 214 ac
840 170 1115 228 contemptim
1146 171 1196 216 de
1227 132 1431 222 1³0ssssAE
1442 133 1518 223 afd-

162 242 186 280 9
203 237 378 292 quentcs
398 238 623 292 jactarent.
687 233 808 286 Quod
836 234 1051 292 inceptum
1079 250 1224 279 eorum
1251 235 1326 281 ubi
1353 237 1406 281 ad
1433 237 1521 282 De-

202 298 312 342 cium
352 298 564 342 consulcm
605 297 812 355 pcrlatum
853 302 930 350 est,
974 298 1025 343 ad
1066 298 1214 344 urbem
1254 315 1308 344 ex
1346 301 1522 346 Etruria

200 362 362 420 magnis
384 362 603 406 itineribus
626 361 763 419 pergit
785 365 828 405 et
849 362 892 406 in
913 377 1014 419 agro
1030 363 1276 420 Pupiniensi
1296 363 1349 411 ad
1368 365 1521 410 famam

137 426 390 470 lointentus
429 426 616 470 hostium
657 425 858 470 consedit.
919 425 1013 470 Nec
1051 426 1200 472 Romae
1240 428 1521 485 spernebatur

203 489 460 534 Umbrorum
490 489 657 542 bellum,
686 494 729 533 et
760 489 861 546 ipsae
891 490 1013 535 minae
1044 494 1202 535 metum
1234 490 1431 542 fecerant>
1451 507 1523 537 ex-

205 554 332 610 pertis
369 553 527 598 Gallica
562 552 690 605 clade,
724 568 845 610 quam
883 553 1066 597 intutam
1096 554 1243 599 urbem
1273 555 1518 601 incolerent.

140 624 184 661 11
203 618 354 675 Itaque
387 617 517 675 legati
552 616 604 660 ad
640 616 819 661 Fabium
855 617 1067 661 consulem
1105 618 1223 663 missi
1258 623 1358 667 sunt
1393 623 1457 675 ut,
1485 620 1523 671 si

203 681 303 739 quid
332 681 558 725 laxamenti
589 696 613 724 a
641 680 752 725 bello
785 681 1035 725 Samnitium
1065 685 1190 735 esset,
1221 682 1267 726 in
1295 683 1520 730 Umbriam

138 752 185 790 12
204 760 377 802 propere
406 745 637 789 exercitum
665 744 849 788 duceret.
912 745 1042 789 Dicto
1070 746 1209 803 paruit
1234 747 1381 796 consul
1406 763 1522 807 mag-

203 810 351 867 nisque
373 809 594 853 itineribus
618 808 670 852 ad
690 809 943 864 Mevaniam,
964 809 1038 854 ubi
1063 814 1157 853 tum
1184 811 1311 868 copiae
1339 811 1522 861 Umbro-

203 889 297 917 rum
328 878 459 926 erant‚
483 873 682 931 perrexit.
744 873 914 930 Repens
944 873 1150 918 adventus
1179 875 1373 930 consulis,
1397 891 1522 935 quem

204 937 351 994 procul
381 937 559 982 Umbria
589 938 633 981 in
665 937 833 981 Samnio
860 937 970 982 bello
1002 937 1081 982 alio
1112 943 1364 996 occupatum
1390 939 1523 985 credi-

205 1000 364 1053 derant,
399 1001 462 1045 ita
497 1001 703 1046 exterruit
735 1001 934 1054 Umbros,
967 1006 1016 1045 ut
1053 1001 1122 1045 alii
1157 1002 1436 1048 recedendum
1469 1004 1522 1054 ad

203 1065 330 1109 urbes
362 1066 560 1119 munitas,
592 1065 761 1123 quidam
791 1065 1072 1110 omittendum
1101 1065 1258 1110 bellum
1288 1072 1519 1114 censerent.

139 1135 187 1173 13
205 1129 336 1187 Plaga
371 1130 768 1174 una—Materinam
804 1129 885 1187 ipsi
921 1129 1278 1187 appellant—non
1312 1132 1521 1177 continuit

203 1193 326 1238 modo
348 1198 522 1238 caeteros
544 1194 587 1237 iu
608 1194 731 1237 armis
755 1193 828 1238 sed
849 1193 1071 1238 confestim
1095 1193 1147 1238 ad
1168 1199 1380 1240 certamen
1407 1197 1520 1254 egit:

203 1264 341 1302 castra
360 1258 585 1302 vallantem
606 1257 783 1302 Fabium
813 1257 948 1301 adorti
975 1262 1100 1302 sunt:
1134 1274 1238 1316 quos
1265 1258 1339 1303 ubi
1367 1260 1522 1305 effusos

203 1338 325 1366 ruere
355 1323 398 1366 in
428 1322 689 1366 munimenta
716 1321 863 1365 consul
893 1321 1011 1377 vidit,
1039 1326 1257 1367 revocatos
1287 1323 1441 1369 milites
1469 1325 1521 1370 ab

205 1401 328 1444 opere
364 1391 490 1444 prout
523 1386 604 1431 loci
638 1389 790 1430 natura
819 1390 1071 1444 tempusque
1101 1387 1341 1445 patiebatur
1370 1388 1432 1432 ita
1459 1388 1522 1433 in·

206 1451 374 1504 struxit,
398 1451 727 1509 cohortatusque
749 1449 1044 1508 praedicatione
1073 1467 1172 1496 vera
1197 1467 1279 1510 qua
1303 1453 1348 1496 in
1372 1452 1521 1498 Tuscis

206 1530 289 1572 qua
308 1515 352 1559 in
374 1515 541 1559 Samnio
562 1520 780 1573 partorum
802 1513 997 1559 decorum
1029 1516 1224 1573 exiguam
1252 1516 1521 1574 appendicem

204 1579 376 1624 Etrusci
416 1579 515 1624 belli
556 1579 758 1624 conficere
795 1578 919 1637 jubet
961 1583 1004 1623 et
1045 1580 1159 1624 vocis
1200 1580 1337 1638 impiae
1378 1597 1521 1639 poenas

204 1648 414 1701 expetere,
448 1659 531 1702 qua
571 1659 615 1687 se
648 1642 794 1687 urbem
828 1643 1063 1687 Romanam
1096 1649 1413 1703 oppugnaturos
1445 1646 1522 1690 mi-

140 1711 188 1749 14-
204 1708 293 1751 nati
324 1716 436 1751 sunt.
499 1707 606 1751 Haec
630 1710 751 1750 tanta
778 1712 878 1750 sunt
910 1707 1125 1753 alacritate
1156 1708 1335 1753 militum
1364 1709 1519 1764 audita,

204 1775 254 1815 ut
285 1771 439 1816 clamor
475 1786 551 1815 sua
586 1774 736 1829 sponte
772 1774 892 1814 ortus
923 1770 1162 1829 loquentem
1195 1773 1522 1830 interpellaverit

205 1835 380 1880 ducem:
433 1838 531 1879 ante
566 1835 788 1892 imperium
823 1838 922 1879 ante
958 1841 1210 1880 concentum
1244 1836 1442 1882 tubarum
1474 1853 1522 1884 ac

205 1915 409 1944 cornuum
442 1915 569 1944 cursu
600 1899 732 1943 effuso
762 1899 807 1943 in
841 1899 1008 1944 hostem
1043 1900 1265 1946 feruntur:
1295 1916 1381 1946 non
1416 1906 1521 1946 tam·

206 1979 329 2021 quam
356 1964 401 2008 in
428 1965 539 2008 viros
562 1968 635 2007 aut
657 1968 840 2008 armatos
873 1964 1122 2009 incurrunt:
1153 1965 1358 2010 mirabilia
1388 1965 1518 2021 dictu,

205 2029 325 2085 signa
365 2029 499 2086 primo
541 2028 646 2086 cripi
684 2031 822 2086 coepta
862 2028 1088 2086 signiferis,
1123 2028 1273 2074 deinde
1315 2029 1397 2088 ipsi
1437 2031 1522 2089 sig-

205 2092 326 2136 niferi
354 2093 465 2137 trahi
497 2091 549 2136 ad
581 2092 794 2137 consulem
825 2094 1060 2152 armatique
1090 2093 1245 2139 milites
1275 2109 1328 2138 ex
1358 2094 1447 2139 acie
1478 2095 1521 2142 iu

205 2156 335 2205 aciem
364 2157 581 2202 transferri
615 2161 671 2212 et,
703 2156 837 2202 sicubi
866 2160 931 2202 est
963 2161 1185 2212 certamen,
1219 2158 1352 2205 scutis
1387 2159 1520 2218 magis

205 2235 329 2299 quam
365 2221 511 2301 gladiis
551 2222 713 2293 gcl'itur
756 2238 847 2280 1‘953
880 2221 1132 2291 umbonibus
1172 2223 1422 2302 incussaque
1457 2224 1527 2315 atq
