<?xml version="1.0" encoding="UTF-8"?>
<!DOCTYPE html PUBLIC "-//W3C//DTD XHTML 1.0 Transitional//EN"
    "http://www.w3.org/TR/xhtml1/DTD/xhtml1-transitional.dtd">
<html xmlns="http://www.w3.org/1999/xhtml" xml:lang="en" lang="en">
 <head>
  <title>
</title>
<meta http-equiv="Content-Type" content="text/html;charset=utf-8" />
  <meta name='ocr-system' content='tesseract 3.04.00' />
  <meta name='ocr-capabilities' content='ocr_page ocr_carea ocr_par ocr_line ocrx_word'/>
</head>
<body>
  <div class='ocr_page' id='page_1' title='image "./historiarum00livyuoft_0256.png"; bbox 0 0 1649 2452; ppageno 0'>
   <div class='ocr_carea' id='block_1_1' title="bbox 201 124 1514 218">
    <p class='ocr_par' dir='ltr' id='par_1_1' title="bbox 201 124 1514 218">
     <span class='ocr_line' id='line_1_1' title="bbox 201 124 1514 218; baseline 0.001 -53"><span class='ocrx_word' id='word_1_1' title='bbox 201 127 278 166; x_wconf 89' lang='grc'>606</span> <span class='ocrx_word' id='word_1_2' title='bbox 519 125 565 164; x_wconf 89' lang='grc' dir='ltr'>Τ.</span> <span class='ocrx_word' id='word_1_3' title='bbox 597 125 746 164; x_wconf 88' lang='lat' dir='ltr'>LIVII</span> <span class='ocrx_word' id='word_1_4' title='bbox 775 124 1193 166; x_wconf 86' lang='lat' dir='ltr'><strong>HISTORIARUM</strong></span> <span class='ocrx_word' id='word_1_5' title='bbox 1310 177 1370 218; x_wconf 65' lang='grc' dir='ltr'>[Δ</span> <span class='ocrx_word' id='word_1_6' title='bbox 1385 177 1424 210; x_wconf 43' lang='lat' dir='ltr'>c·</span> <span class='ocrx_word' id='word_1_7' title='bbox 1438 177 1514 211; x_wconf 61' lang='lat'>⁸⁰⁰</span> 
     </span>
    </p>
   </div>
   <div class='ocr_carea' id='block_1_2' title="bbox 116 177 1522 2352">
    <p class='ocr_par' dir='ltr' id='par_1_2' title="bbox 160 177 1522 536">
     <span class='ocr_line' id='line_1_2' title="bbox 160 177 1520 278; baseline 0.001 -15"><span class='ocrx_word' id='word_1_8' title='bbox 160 227 181 263; x_wconf 91' lang='lat'><em>5</em></span> <span class='ocrx_word' id='word_1_9' title='bbox 207 216 395 278; x_wconf 81' lang='lat' dir='ltr'>singulas</span> <span class='ocrx_word' id='word_1_10' title='bbox 420 221 577 271; x_wconf 81' lang='lat' dir='ltr'><strong>essent,</strong></span> <span class='ocrx_word' id='word_1_11' title='bbox 598 219 884 277; x_wconf 85' lang='lat' dir='ltr'>expleverunt.</span> <span class='ocrx_word' id='word_1_12' title='bbox 946 218 1171 275; x_wconf 81' lang='lat' dir='ltr'>Caeterum,</span> <span class='ocrx_word' id='word_1_13' title='bbox 1192 218 1291 278; x_wconf 88' lang='lat' dir='ltr'>quia</span> <span class='ocrx_word' id='word_1_14' title='bbox 1310 177 1371 264; x_wconf 78' lang='lat' dir='ltr'>tde</span> <span class='ocrx_word' id='word_1_15' title='bbox 1398 219 1520 277; x_wconf 84' lang='lat' dir='ltr'><strong>plebe</strong></span> 
     </span>
     <span class='ocr_line' id='line_1_3' title="bbox 201 283 1521 342; baseline 0 -14"><span class='ocrx_word' id='word_1_16' title='bbox 201 283 514 342; x_wconf 87' lang='lat' dir='ltr'>adlegebantur,</span> <span class='ocrx_word' id='word_1_17' title='bbox 540 283 665 340; x_wconf 79' lang='lat' dir='ltr'>juxta</span> <span class='ocrx_word' id='word_1_18' title='bbox 692 299 785 328; x_wconf 89' lang='lat' dir='ltr'>eam</span> <span class='ocrx_word' id='word_1_19' title='bbox 813 298 903 327; x_wconf 90' lang='lat' dir='ltr'>rem</span> <span class='ocrx_word' id='word_1_20' title='bbox 932 299 1043 341; x_wconf 86' lang='lat' dir='ltr'>aegre</span> <span class='ocrx_word' id='word_1_21' title='bbox 1072 284 1189 341; x_wconf 87' lang='lat' dir='ltr'>passi</span> <span class='ocrx_word' id='word_1_22' title='bbox 1224 287 1365 341; x_wconf 85' lang='lat' dir='ltr'>patres</span> <span class='ocrx_word' id='word_1_23' title='bbox 1395 299 1521 342; x_wconf 84' lang='lat' dir='ltr'>quam</span> 
     </span>
     <span class='ocr_line' id='line_1_4' title="bbox 201 347 1520 406; baseline 0 -14"><span class='ocrx_word' id='word_1_24' title='bbox 201 363 330 406; x_wconf 90' lang='lat' dir='ltr'>quum</span> <span class='ocrx_word' id='word_1_25' title='bbox 353 347 618 392; x_wconf 89' lang='lat' dir='ltr'>consulatum</span> <span class='ocrx_word' id='word_1_26' title='bbox 639 347 801 406; x_wconf 84' lang='lat' dir='ltr'>vulgari</span> <span class='ocrx_word' id='word_1_27' title='bbox 822 347 1035 392; x_wconf 85' lang='lat' dir='ltr'>viderent:</span> <span class='ocrx_word' id='word_1_28' title='bbox 1069 347 1323 392; x_wconf 76' lang='lat' dir='ltr'>simulabant</span> <span class='ocrx_word' id='word_1_29' title='bbox 1345 347 1398 392; x_wconf 84' lang='lat' dir='ltr'>ad</span> <span class='ocrx_word' id='word_1_30' title='bbox 1418 347 1520 392; x_wconf 87' lang='lat' dir='ltr'>deos</span> 
     </span>
     <span class='ocr_line' id='line_1_5' title="bbox 201 413 1522 471; baseline 0 -13"><span class='ocrx_word' id='word_1_31' title='bbox 201 413 246 458; x_wconf 89' lang='lat' dir='ltr'>id</span> <span class='ocrx_word' id='word_1_32' title='bbox 273 414 405 470; x_wconf 82' lang='lat' dir='ltr'>magis</span> <span class='ocrx_word' id='word_1_33' title='bbox 435 429 558 471; x_wconf 75' lang='lat' dir='ltr'>quarn</span> <span class='ocrx_word' id='word_1_34' title='bbox 587 413 639 457; x_wconf 89' lang='lat' dir='ltr'>ad</span> <span class='ocrx_word' id='word_1_35' title='bbox 667 429 712 458; x_wconf 92' lang='lat' dir='ltr'>se</span> <span class='ocrx_word' id='word_1_36' title='bbox 741 413 964 471; x_wconf 87' lang='lat' dir='ltr'>pertinere,</span> <span class='ocrx_word' id='word_1_37' title='bbox 984 413 1099 470; x_wconf 90' lang='lat' dir='ltr'>ipsos</span> <span class='ocrx_word' id='word_1_38' title='bbox 1127 414 1291 458; x_wconf 86' lang='lat' dir='ltr'>visuros</span> <span class='ocrx_word' id='word_1_39' title='bbox 1318 429 1372 458; x_wconf 88' lang='lat' dir='ltr'>ne</span> <span class='ocrx_word' id='word_1_40' title='bbox 1403 429 1522 458; x_wconf 85' lang='lat' dir='ltr'>saera</span> 
     </span>
     <span class='ocr_line' id='line_1_6' title="bbox 202 476 1520 536; baseline 0.001 -15"><span class='ocrx_word' id='word_1_41' title='bbox 202 492 278 521; x_wconf 88' lang='lat' dir='ltr'>sua</span> <span class='ocrx_word' id='word_1_42' title='bbox 312 477 580 534; x_wconf 82' lang='lat' dir='ltr'>polluantur:</span> <span class='ocrx_word' id='word_1_43' title='bbox 621 476 664 521; x_wconf 92' lang='lat' dir='ltr'>id</span> <span class='ocrx_word' id='word_1_44' title='bbox 699 492 744 522; x_wconf 91' lang='lat' dir='ltr'>se</span> <span class='ocrx_word' id='word_1_45' title='bbox 775 480 921 535; x_wconf 88' lang='lat' dir='ltr'>optare</span> <span class='ocrx_word' id='word_1_46' title='bbox 951 481 1130 530; x_wconf 88' lang='lat' dir='ltr'>tantum,</span> <span class='ocrx_word' id='word_1_47' title='bbox 1161 493 1214 522; x_wconf 93' lang='lat' dir='ltr'>ne</span> <span class='ocrx_word' id='word_1_48' title='bbox 1246 493 1329 536; x_wconf 91' lang='lat' dir='ltr'>qua</span> <span class='ocrx_word' id='word_1_49' title='bbox 1357 477 1404 522; x_wconf 90' lang='lat' dir='ltr'>in</span> <span class='ocrx_word' id='word_1_50' title='bbox 1431 493 1520 522; x_wconf 88' lang='lat' dir='ltr'>rem</span> 
     </span>
    </p>

    <p class='ocr_par' dir='ltr' id='par_1_3' title="bbox 159 539 1521 856">
     <span class='ocr_line' id='line_1_7' title="bbox 159 539 1521 600; baseline 0 -14"><span class='ocrx_word' id='word_1_51' title='bbox 159 549 181 586; x_wconf 91' lang='lat'><strong>6</strong></span> <span class='ocrx_word' id='word_1_52' title='bbox 203 541 413 600; x_wconf 77' lang='lat' dir='ltr'>publicam</span> <span class='ocrx_word' id='word_1_53' title='bbox 444 539 581 585; x_wconf 86' lang='lat' dir='ltr'>clades</span> <span class='ocrx_word' id='word_1_54' title='bbox 611 541 766 585; x_wconf 85' lang='lat' dir='ltr'>veniat.</span> <span class='ocrx_word' id='word_1_55' title='bbox 826 541 974 586; x_wconf 85' lang='lat' dir='ltr'>Minus</span> <span class='ocrx_word' id='word_1_56' title='bbox 1010 545 1152 585; x_wconf 90' lang='lat' dir='ltr'>autem</span> <span class='ocrx_word' id='word_1_57' title='bbox 1191 541 1409 586; x_wconf 87' lang='lat' dir='ltr'>tetendere</span> <span class='ocrx_word' id='word_1_58' title='bbox 1448 541 1521 586; x_wconf 85' lang='lat' dir='ltr'>ad-</span> 
     </span>
     <span class='ocr_line' id='line_1_8' title="bbox 202 604 1518 664; baseline 0 -14"><span class='ocrx_word' id='word_1_59' title='bbox 202 605 314 650; x_wconf 89' lang='lat' dir='ltr'>sueti</span> <span class='ocrx_word' id='word_1_60' title='bbox 343 608 433 663; x_wconf 87' lang='lat' dir='ltr'>jam</span> <span class='ocrx_word' id='word_1_61' title='bbox 462 604 539 649; x_wconf 86' lang='lat' dir='ltr'>tali</span> <span class='ocrx_word' id='word_1_62' title='bbox 569 620 722 664; x_wconf 81' lang='lat' dir='ltr'>genere</span> <span class='ocrx_word' id='word_1_63' title='bbox 757 605 1033 650; x_wconf 80' lang='lat' dir='ltr'>certaminum</span> <span class='ocrx_word' id='word_1_64' title='bbox 1065 605 1188 658; x_wconf 88' lang='lat' dir='ltr'>vinci,</span> <span class='ocrx_word' id='word_1_65' title='bbox 1218 609 1262 650; x_wconf 91' lang='lat' dir='ltr'>et</span> <span class='ocrx_word' id='word_1_66' title='bbox 1292 605 1518 654; x_wconf 81' lang='lat' dir='ltr'>cernebant</span> 
     </span>
     <span class='ocr_line' id='line_1_9' title="bbox 202 668 1520 727; baseline 0 -13"><span class='ocrx_word' id='word_1_67' title='bbox 202 668 461 714; x_wconf 80' lang='lat' dir='ltr'>adversarios</span> <span class='ocrx_word' id='word_1_68' title='bbox 497 683 582 713; x_wconf 88' lang='lat' dir='ltr'>non</span> <span class='ocrx_word' id='word_1_69' title='bbox 616 668 672 722; x_wconf 87' lang='lat' dir='ltr'>id,</span> <span class='ocrx_word' id='word_1_70' title='bbox 703 668 815 726; x_wconf 88' lang='lat' dir='ltr'>quod</span> <span class='ocrx_word' id='word_1_71' title='bbox 851 669 948 713; x_wconf 91' lang='lat' dir='ltr'>olim</span> <span class='ocrx_word' id='word_1_72' title='bbox 980 669 1052 713; x_wconf 77' lang='lat' dir='ltr'>vix</span> <span class='ocrx_word' id='word_1_73' title='bbox 1088 669 1348 727; x_wconf 85' lang='lat' dir='ltr'>speraverint</span> <span class='ocrx_word' id='word_1_74' title='bbox 1382 669 1520 715; x_wconf 81' lang='lat' dir='ltr'>adfec-</span> 
     </span>
     <span class='ocr_line' id='line_1_10' title="bbox 200 732 1516 792; baseline 0.002 -16"><span class='ocrx_word' id='word_1_75' title='bbox 200 736 340 777; x_wconf 83' lang='lat' dir='ltr'>tantes</span> <span class='ocrx_word' id='word_1_76' title='bbox 380 748 555 791; x_wconf 81' lang='lat' dir='ltr'>magnos</span> <span class='ocrx_word' id='word_1_77' title='bbox 594 732 787 788; x_wconf 87' lang='lat' dir='ltr'>honores,</span> <span class='ocrx_word' id='word_1_78' title='bbox 825 733 900 778; x_wconf 80' lang='lat' dir='ltr'>secl</span> <span class='ocrx_word' id='word_1_79' title='bbox 939 733 1082 777; x_wconf 85' lang='lat' dir='ltr'>omnia</span> <span class='ocrx_word' id='word_1_80' title='bbox 1116 733 1217 792; x_wconf 89' lang='lat' dir='ltr'>jam,</span> <span class='ocrx_word' id='word_1_81' title='bbox 1256 733 1303 778; x_wconf 91' lang='lat' dir='ltr'>in</span> <span class='ocrx_word' id='word_1_82' title='bbox 1341 749 1516 792; x_wconf 88' lang='lat' dir='ltr'>quorum</span> 
     </span>
     <span class='ocr_line' id='line_1_11' title="bbox 201 796 1518 856; baseline 0.002 -15"><span class='ocrx_word' id='word_1_83' title='bbox 201 812 318 854; x_wconf 89' lang='lat' dir='ltr'>spem</span> <span class='ocrx_word' id='word_1_84' title='bbox 339 796 507 842; x_wconf 87' lang='lat' dir='ltr'>dubiam</span> <span class='ocrx_word' id='word_1_85' title='bbox 528 801 619 841; x_wconf 88' lang='lat' dir='ltr'>erat</span> <span class='ocrx_word' id='word_1_86' title='bbox 641 800 861 851; x_wconf 84' lang='lat' dir='ltr'>certatum,</span> <span class='ocrx_word' id='word_1_87' title='bbox 884 801 1027 841; x_wconf 84' lang='lat' dir='ltr'>tamen</span> <span class='ocrx_word' id='word_1_88' title='bbox 1055 796 1242 856; x_wconf 86' lang='lat' dir='ltr'>adeptos,</span> <span class='ocrx_word' id='word_1_89' title='bbox 1264 797 1518 855; x_wconf 84' lang='lat' dir='ltr'>multiplices</span> 
     </span>
    </p>

    <p class='ocr_par' dir='ltr' id='par_1_4' title="bbox 116 862 1520 2352">
     <span class='ocr_line' id='line_1_12' title="bbox 116 862 1520 920; baseline 0.001 -15"><span class='ocrx_word' id='word_1_90' title='bbox 116 867 185 919; x_wconf 85' lang='lat'>(7)</span> <span class='ocrx_word' id='word_1_91' title='bbox 201 862 443 906; x_wconf 87' lang='lat' dir='ltr'>consulatus</span> <span class='ocrx_word' id='word_1_92' title='bbox 460 877 741 920; x_wconf 83' lang='lat' dir='ltr'>censurasque</span> <span class='ocrx_word' id='word_1_93' title='bbox 762 868 805 906; x_wconf 91' lang='lat' dir='ltr'>et</span> <span class='ocrx_word' id='word_1_94' title='bbox 826 862 1074 919; x_wconf 87' lang='lat' dir='ltr'>triumphos.</span> <span class='ocrx_word' id='word_1_95' title='bbox 1137 862 1357 906; x_wconf 83' lang='lat' dir='ltr'>Certatum</span> <span class='ocrx_word' id='word_1_96' title='bbox 1376 868 1520 907; x_wconf 83' lang='lat' dir='ltr'>tamen</span> 
     </span>
     <span class='ocr_line' id='line_1_13' title="bbox 201 927 1519 986; baseline 0 -14"><span class='ocrx_word' id='word_1_97' title='bbox 201 927 414 973; x_wconf 88' lang='lat' dir='ltr'>suadenda</span> <span class='ocrx_word' id='word_1_98' title='bbox 434 927 792 986; x_wconf 81' lang='lat' dir='ltr'>dissuadendaque</span> <span class='ocrx_word' id='word_1_99' title='bbox 813 928 904 986; x_wconf 83' lang='lat' dir='ltr'>lege</span> <span class='ocrx_word' id='word_1_100' title='bbox 925 928 1035 973; x_wconf 84' lang='lat' dir='ltr'>inter</span> <span class='ocrx_word' id='word_1_101' title='bbox 1055 929 1136 985; x_wconf 84' lang='lat' dir='ltr'>Ap.</span> <span class='ocrx_word' id='word_1_102' title='bbox 1160 928 1382 973; x_wconf 90' lang='lat' dir='ltr'>Claudium</span> <span class='ocrx_word' id='word_1_103' title='bbox 1404 944 1519 973; x_wconf 78' lang='lat' dir='ltr'>max-</span> 
     </span>
     <span class='ocr_line' id='line_1_14' title="bbox 205 993 1517 1051; baseline 0.001 -14"><span class='ocrx_word' id='word_1_104' title='bbox 205 993 288 1037; x_wconf 87' lang='lat' dir='ltr'>ime</span> <span class='ocrx_word' id='word_1_105' title='bbox 328 993 469 1037; x_wconf 87' lang='lat' dir='ltr'>ferunt</span> <span class='ocrx_word' id='word_1_106' title='bbox 510 997 553 1037; x_wconf 88' lang='lat' dir='ltr'>et</span> <span class='ocrx_word' id='word_1_107' title='bbox 587 993 698 1037; x_wconf 90' lang='lat' dir='ltr'>inter</span> <span class='ocrx_word' id='word_1_108' title='bbox 732 993 781 1037; x_wconf 87' lang='lat' dir='ltr'>P.</span> <span class='ocrx_word' id='word_1_109' title='bbox 805 993 981 1037; x_wconf 86' lang='lat' dir='ltr'>Decium</span> <span class='ocrx_word' id='word_1_110' title='bbox 1021 993 1204 1038; x_wconf 84' lang='lat' dir='ltr'>Murem.</span> <span class='ocrx_word' id='word_1_111' title='bbox 1266 993 1355 1042; x_wconf 80' lang='lat' dir='ltr'>Qui</span> <span class='ocrx_word' id='word_1_112' title='bbox 1389 1009 1517 1051; x_wconf 89' lang='lat' dir='ltr'>quum</span> 
     </span>
     <span class='ocr_line' id='line_1_15' title="bbox 200 1056 1519 1116; baseline 0.001 -15"><span class='ocrx_word' id='word_1_113' title='bbox 200 1057 345 1101; x_wconf 84' lang='lat' dir='ltr'>eadem</span> <span class='ocrx_word' id='word_1_114' title='bbox 376 1057 506 1101; x_wconf 87' lang='lat' dir='ltr'>forme</span> <span class='ocrx_word' id='word_1_115' title='bbox 538 1056 589 1101; x_wconf 94' lang='lat' dir='ltr'>de</span> <span class='ocrx_word' id='word_1_116' title='bbox 616 1057 712 1116; x_wconf 86' lang='lat' dir='ltr'>jure</span> <span class='ocrx_word' id='word_1_117' title='bbox 742 1063 911 1115; x_wconf 88' lang='lat' dir='ltr'>patrum</span> <span class='ocrx_word' id='word_1_118' title='bbox 942 1072 990 1102; x_wconf 88' lang='lat' dir='ltr'>ac</span> <span class='ocrx_word' id='word_1_119' title='bbox 1021 1056 1169 1114; x_wconf 90' lang='lat' dir='ltr'>plebis,</span> <span class='ocrx_word' id='word_1_120' title='bbox 1197 1073 1291 1116; x_wconf 79' lang='lat' dir='ltr'>quae</span> <span class='ocrx_word' id='word_1_121' title='bbox 1319 1072 1396 1115; x_wconf 88' lang='lat' dir='ltr'>pro</span> <span class='ocrx_word' id='word_1_122' title='bbox 1425 1057 1519 1116; x_wconf 86' lang='lat' dir='ltr'>lege</span> 
     </span>
     <span class='ocr_line' id='line_1_16' title="bbox 198 1120 1520 1181; baseline 0.001 -15"><span class='ocrx_word' id='word_1_123' title='bbox 198 1121 363 1166; x_wconf 89' lang='lat' dir='ltr'>Licinia</span> <span class='ocrx_word' id='word_1_124' title='bbox 393 1120 602 1180; x_wconf 82' lang='lat' dir='ltr'>quondam</span> <span class='ocrx_word' id='word_1_125' title='bbox 631 1126 858 1180; x_wconf 86' lang='lat' dir='ltr'>contraque</span> <span class='ocrx_word' id='word_1_126' title='bbox 880 1137 971 1166; x_wconf 89' lang='lat' dir='ltr'>eam</span> <span class='ocrx_word' id='word_1_127' title='bbox 993 1121 1105 1166; x_wconf 89' lang='lat' dir='ltr'>dicta</span> <span class='ocrx_word' id='word_1_128' title='bbox 1127 1125 1248 1166; x_wconf 89' lang='lat' dir='ltr'>erant</span> <span class='ocrx_word' id='word_1_129' title='bbox 1270 1137 1402 1181; x_wconf 87' lang='lat' dir='ltr'>quum</span> <span class='ocrx_word' id='word_1_130' title='bbox 1431 1122 1520 1180; x_wconf 90' lang='lat' dir='ltr'>ple-</span> 
     </span>
     <span class='ocr_line' id='line_1_17' title="bbox 198 1185 1519 1244; baseline 0.002 -14"><span class='ocrx_word' id='word_1_131' title='bbox 198 1185 302 1231; x_wconf 90' lang='lat' dir='ltr'>beiis</span> <span class='ocrx_word' id='word_1_132' title='bbox 332 1186 575 1231; x_wconf 84' lang='lat' dir='ltr'>consulatus</span> <span class='ocrx_word' id='word_1_133' title='bbox 603 1186 843 1244; x_wconf 84' lang='lat' dir='ltr'>rogabatur,</span> <span class='ocrx_word' id='word_1_134' title='bbox 874 1185 1183 1240; x_wconf 82' lang='lat' dir='ltr'>disseruissent,</span> <span class='ocrx_word' id='word_1_135' title='bbox 1213 1186 1429 1232; x_wconf 77' lang='lat' dir='ltr'>rettulisse</span> <span class='ocrx_word' id='word_1_136' title='bbox 1457 1187 1519 1232; x_wconf 88' lang='lat' dir='ltr'>di-</span> 
     </span>
     <span class='ocr_line' id='line_1_18' title="bbox 199 1250 1520 1308; baseline -0.001 -12"><span class='ocrx_word' id='word_1_137' title='bbox 199 1251 310 1296; x_wconf 89' lang='lat' dir='ltr'>citur</span> <span class='ocrx_word' id='word_1_138' title='bbox 339 1250 496 1295; x_wconf 88' lang='lat' dir='ltr'>Decius</span> <span class='ocrx_word' id='word_1_139' title='bbox 533 1251 717 1307; x_wconf 85' lang='lat' dir='ltr'>parentis</span> <span class='ocrx_word' id='word_1_140' title='bbox 749 1251 816 1295; x_wconf 90' lang='lat' dir='ltr'>sui</span> <span class='ocrx_word' id='word_1_141' title='bbox 846 1251 1040 1308; x_wconf 87' lang='lat' dir='ltr'>speciem,</span> <span class='ocrx_word' id='word_1_142' title='bbox 1068 1250 1232 1308; x_wconf 82' lang='lat' dir='ltr'>qualem</span> <span class='ocrx_word' id='word_1_143' title='bbox 1269 1267 1366 1295; x_wconf 88' lang='lat' dir='ltr'>eum</span> <span class='ocrx_word' id='word_1_144' title='bbox 1395 1251 1520 1296; x_wconf 89' lang='lat' dir='ltr'>multi</span> 
     </span>
     <span class='ocr_line' id='line_1_19' title="bbox 200 1315 1520 1374; baseline 0.002 -15"><span class='ocrx_word' id='word_1_145' title='bbox 200 1316 271 1374; x_wconf 85' lang='lat' dir='ltr'>qui</span> <span class='ocrx_word' id='word_1_146' title='bbox 298 1316 343 1360; x_wconf 86' lang='lat' dir='ltr'>in</span> <span class='ocrx_word' id='word_1_147' title='bbox 363 1316 562 1360; x_wconf 87' lang='lat' dir='ltr'>concione</span> <span class='ocrx_word' id='word_1_148' title='bbox 589 1319 708 1360; x_wconf 87' lang='lat' dir='ltr'>erant</span> <span class='ocrx_word' id='word_1_149' title='bbox 730 1316 934 1370; x_wconf 83' lang='lat' dir='ltr'>viderant,</span> <span class='ocrx_word' id='word_1_150' title='bbox 956 1316 1187 1360; x_wconf 85' lang='lat' dir='ltr'>incinctum</span> <span class='ocrx_word' id='word_1_151' title='bbox 1210 1315 1372 1360; x_wconf 90' lang='lat' dir='ltr'>Gabino</span> <span class='ocrx_word' id='word_1_152' title='bbox 1400 1315 1520 1361; x_wconf 82' lang='lat' dir='ltr'>cultu</span> 
     </span>
     <span class='ocr_line' id='line_1_20' title="bbox 199 1379 1519 1439; baseline 0.002 -15"><span class='ocrx_word' id='word_1_153' title='bbox 199 1395 326 1437; x_wconf 88' lang='lat' dir='ltr'>super</span> <span class='ocrx_word' id='word_1_154' title='bbox 364 1379 494 1424; x_wconf 89' lang='lat' dir='ltr'>telum</span> <span class='ocrx_word' id='word_1_155' title='bbox 537 1384 734 1433; x_wconf 88' lang='lat' dir='ltr'>stantem,</span> <span class='ocrx_word' id='word_1_156' title='bbox 770 1395 851 1438; x_wconf 90' lang='lat' dir='ltr'>quo</span> <span class='ocrx_word' id='word_1_157' title='bbox 893 1395 938 1424; x_wconf 91' lang='lat' dir='ltr'>se</span> <span class='ocrx_word' id='word_1_158' title='bbox 973 1379 1124 1424; x_wconf 84' lang='lat' dir='ltr'>habitu</span> <span class='ocrx_word' id='word_1_159' title='bbox 1163 1395 1240 1438; x_wconf 91' lang='lat' dir='ltr'>pro</span> <span class='ocrx_word' id='word_1_160' title='bbox 1281 1380 1436 1439; x_wconf 92' lang='lat' dir='ltr'>populo</span> <span class='ocrx_word' id='word_1_161' title='bbox 1470 1396 1519 1426; x_wconf 86' lang='lat' dir='ltr'>ac</span> 
     </span>
     <span class='ocr_line' id='line_1_21' title="bbox 199 1443 1520 1502; baseline 0.002 -14"><span class='ocrx_word' id='word_1_162' title='bbox 199 1443 432 1502; x_wconf 85' lang='lat' dir='ltr'>legionibus</span> <span class='ocrx_word' id='word_1_163' title='bbox 468 1444 669 1489; x_wconf 85' lang='lat' dir='ltr'>Romanis</span> <span class='ocrx_word' id='word_1_164' title='bbox 706 1443 968 1489; x_wconf 81' lang='lat' dir='ltr'>devovisset:</span> <span class='ocrx_word' id='word_1_165' title='bbox 1011 1449 1102 1489; x_wconf 88' lang='lat' dir='ltr'>tum</span> <span class='ocrx_word' id='word_1_166' title='bbox 1138 1445 1187 1489; x_wconf 83' lang='lat' dir='ltr'>P.</span> <span class='ocrx_word' id='word_1_167' title='bbox 1210 1445 1387 1490; x_wconf 87' lang='lat' dir='ltr'>Decium</span> <span class='ocrx_word' id='word_1_168' title='bbox 1421 1459 1520 1490; x_wconf 89' lang='lat' dir='ltr'>con-</span> 
     </span>
     <span class='ocr_line' id='line_1_22' title="bbox 199 1508 1520 1568; baseline 0.001 -15"><span class='ocrx_word' id='word_1_169' title='bbox 199 1509 333 1553; x_wconf 86' lang='lat' dir='ltr'>sulem</span> <span class='ocrx_word' id='word_1_170' title='bbox 363 1524 516 1566; x_wconf 88' lang='lat' dir='ltr'>purum</span> <span class='ocrx_word' id='word_1_171' title='bbox 547 1508 745 1567; x_wconf 87' lang='lat' dir='ltr'>piumque</span> <span class='ocrx_word' id='word_1_172' title='bbox 776 1509 863 1553; x_wconf 88' lang='lat' dir='ltr'>deis</span> <span class='ocrx_word' id='word_1_173' title='bbox 894 1509 1200 1554; x_wconf 82' lang='lat' dir='ltr'>immortalibus</span> <span class='ocrx_word' id='word_1_174' title='bbox 1231 1509 1368 1554; x_wconf 84' lang='lat' dir='ltr'>visum</span> <span class='ocrx_word' id='word_1_175' title='bbox 1401 1525 1520 1568; x_wconf 84' lang='lat' dir='ltr'>aeque</span> 
     </span>
     <span class='ocr_line' id='line_1_23' title="bbox 199 1572 1517 1631; baseline 0.001 -13"><span class='ocrx_word' id='word_1_176' title='bbox 199 1589 247 1618; x_wconf 89' lang='lat' dir='ltr'>ac</span> <span class='ocrx_word' id='word_1_177' title='bbox 272 1574 308 1617; x_wconf 86' lang='lat' dir='ltr'>si</span> <span class='ocrx_word' id='word_1_178' title='bbox 328 1574 376 1617; x_wconf 90' lang='lat' dir='ltr'>T.</span> <span class='ocrx_word' id='word_1_179' title='bbox 399 1572 586 1617; x_wconf 80' lang='lat' dir='ltr'>Manlius</span> <span class='ocrx_word' id='word_1_180' title='bbox 618 1573 776 1631; x_wconf 79' lang='lat' dir='ltr'>collega</span> <span class='ocrx_word' id='word_1_181' title='bbox 803 1574 893 1631; x_wconf 85' lang='lat' dir='ltr'>ejus</span> <span class='ocrx_word' id='word_1_182' title='bbox 924 1573 1226 1618; x_wconf 83' lang='lat' dir='ltr'>devoveretur:</span> <span class='ocrx_word' id='word_1_183' title='bbox 1259 1573 1438 1619; x_wconf 88' lang='lat' dir='ltr'>eundem</span> <span class='ocrx_word' id='word_1_184' title='bbox 1467 1575 1517 1619; x_wconf 92' lang='lat' dir='ltr'>P.</span> 
     </span>
     <span class='ocr_line' id='line_1_24' title="bbox 198 1637 1520 1697; baseline 0.002 -15"><span class='ocrx_word' id='word_1_185' title='bbox 198 1638 391 1692; x_wconf 87' lang='lat' dir='ltr'>Decium,</span> <span class='ocrx_word' id='word_1_186' title='bbox 413 1637 485 1696; x_wconf 92' lang='lat' dir='ltr'>qui</span> <span class='ocrx_word' id='word_1_187' title='bbox 512 1652 630 1682; x_wconf 85' lang='lat' dir='ltr'>sacra</span> <span class='ocrx_word' id='word_1_188' title='bbox 659 1637 826 1695; x_wconf 86' lang='lat' dir='ltr'>publiea</span> <span class='ocrx_word' id='word_1_189' title='bbox 852 1637 995 1696; x_wconf 85' lang='lat' dir='ltr'>populi</span> <span class='ocrx_word' id='word_1_190' title='bbox 1023 1638 1206 1682; x_wconf 86' lang='lat' dir='ltr'>Romani</span> <span class='ocrx_word' id='word_1_191' title='bbox 1237 1637 1408 1692; x_wconf 88' lang='lat' dir='ltr'>faceret,</span> <span class='ocrx_word' id='word_1_192' title='bbox 1434 1637 1520 1697; x_wconf 88' lang='lat' dir='ltr'>legi</span> 
     </span>
     <span class='ocr_line' id='line_1_25' title="bbox 198 1701 1518 1761; baseline 0.002 -15"><span class='ocrx_word' id='word_1_193' title='bbox 198 1703 279 1747; x_wconf 89' lang='lat' dir='ltr'>rite</span> <span class='ocrx_word' id='word_1_194' title='bbox 316 1717 401 1746; x_wconf 90' lang='lat' dir='ltr'>non</span> <span class='ocrx_word' id='word_1_195' title='bbox 433 1702 655 1759; x_wconf 80' lang='lat' dir='ltr'>potuisse?</span> <span class='ocrx_word' id='word_1_196' title='bbox 696 1701 740 1746; x_wconf 91' lang='lat' dir='ltr'>id</span> <span class='ocrx_word' id='word_1_197' title='bbox 770 1717 862 1747; x_wconf 90' lang='lat' dir='ltr'>esse</span> <span class='ocrx_word' id='word_1_198' title='bbox 891 1702 1124 1761; x_wconf 87' lang='lat' dir='ltr'>periculum</span> <span class='ocrx_word' id='word_1_199' title='bbox 1155 1718 1209 1748; x_wconf 87' lang='lat' dir='ltr'>ne</span> <span class='ocrx_word' id='word_1_200' title='bbox 1241 1718 1340 1748; x_wconf 87' lang='lat' dir='ltr'>suas</span> <span class='ocrx_word' id='word_1_201' title='bbox 1373 1718 1518 1761; x_wconf 87' lang='lat' dir='ltr'>preces</span> 
     </span>
     <span class='ocr_line' id='line_1_26' title="bbox 198 1766 1517 1825; baseline 0.002 -14"><span class='ocrx_word' id='word_1_202' title='bbox 198 1767 336 1812; x_wconf 88' lang='lat' dir='ltr'>minus</span> <span class='ocrx_word' id='word_1_203' title='bbox 368 1766 561 1811; x_wconf 87' lang='lat' dir='ltr'>audirent</span> <span class='ocrx_word' id='word_1_204' title='bbox 592 1767 650 1811; x_wconf 90' lang='lat' dir='ltr'>dii</span> <span class='ocrx_word' id='word_1_205' title='bbox 680 1782 806 1825; x_wconf 90' lang='lat' dir='ltr'>quam</span> <span class='ocrx_word' id='word_1_206' title='bbox 836 1769 965 1825; x_wconf 82' lang='lat' dir='ltr'>Appii</span> <span class='ocrx_word' id='word_1_207' title='bbox 996 1767 1192 1813; x_wconf 84' lang='lat' dir='ltr'>Claudii?</span> <span class='ocrx_word' id='word_1_208' title='bbox 1234 1769 1392 1813; x_wconf 88' lang='lat' dir='ltr'>castius</span> <span class='ocrx_word' id='word_1_209' title='bbox 1421 1783 1517 1814; x_wconf 89' lang='lat' dir='ltr'>eum</span> 
     </span>
     <span class='ocr_line' id='line_1_27' title="bbox 199 1831 1515 1891; baseline 0.002 -15"><span class='ocrx_word' id='word_1_210' title='bbox 199 1847 317 1876; x_wconf 82' lang='lat' dir='ltr'>sacra</span> <span class='ocrx_word' id='word_1_211' title='bbox 353 1833 517 1890; x_wconf 85' lang='lat' dir='ltr'>privata</span> <span class='ocrx_word' id='word_1_212' title='bbox 556 1831 692 1876; x_wconf 87' lang='lat' dir='ltr'>facere</span> <span class='ocrx_word' id='word_1_213' title='bbox 728 1835 771 1876; x_wconf 85' lang='lat' dir='ltr'>et</span> <span class='ocrx_word' id='word_1_214' title='bbox 807 1832 1043 1890; x_wconf 84' lang='lat' dir='ltr'>religiosius</span> <span class='ocrx_word' id='word_1_215' title='bbox 1084 1832 1184 1878; x_wconf 90' lang='lat' dir='ltr'>deos</span> <span class='ocrx_word' id='word_1_216' title='bbox 1220 1833 1356 1878; x_wconf 89' lang='lat' dir='ltr'>colere</span> <span class='ocrx_word' id='word_1_217' title='bbox 1391 1848 1515 1891; x_wconf 86' lang='lat' dir='ltr'>quam</span> 
     </span>
     <span class='ocr_line' id='line_1_28' title="bbox 199 1896 1516 1956; baseline 0.002 -16"><span class='ocrx_word' id='word_1_218' title='bbox 199 1898 276 1941; x_wconf 83' lang='lat' dir='ltr'>se?</span> <span class='ocrx_word' id='word_1_219' title='bbox 310 1912 433 1955; x_wconf 88' lang='lat' dir='ltr'>quem</span> <span class='ocrx_word' id='word_1_220' title='bbox 463 1896 663 1954; x_wconf 86' lang='lat' dir='ltr'>poenitere</span> <span class='ocrx_word' id='word_1_221' title='bbox 691 1900 897 1950; x_wconf 79' lang='lat' dir='ltr'>votorum,</span> <span class='ocrx_word' id='word_1_222' title='bbox 923 1913 1015 1955; x_wconf 76' lang='lat' dir='ltr'>qua:</span> <span class='ocrx_word' id='word_1_223' title='bbox 1046 1913 1122 1956; x_wconf 92' lang='lat' dir='ltr'>pro</span> <span class='ocrx_word' id='word_1_224' title='bbox 1146 1913 1191 1943; x_wconf 93' lang='lat' dir='ltr'>re</span> <span class='ocrx_word' id='word_1_225' title='bbox 1218 1897 1386 1955; x_wconf 87' lang='lat' dir='ltr'>publica</span> <span class='ocrx_word' id='word_1_226' title='bbox 1411 1913 1516 1942; x_wconf 90' lang='lat' dir='ltr'>nun·</span> 
     </span>
     <span class='ocr_line' id='line_1_29' title="bbox 199 1961 1516 2019; baseline 0.001 -14"><span class='ocrx_word' id='word_1_227' title='bbox 199 1961 444 2018; x_wconf 77' lang='lat' dir='ltr'>cupaverint</span> <span class='ocrx_word' id='word_1_228' title='bbox 475 1965 541 2005; x_wconf 86' lang='lat' dir='ltr'>tot</span> <span class='ocrx_word' id='word_1_229' title='bbox 577 1961 768 2005; x_wconf 85' lang='lat' dir='ltr'>consules</span> <span class='ocrx_word' id='word_1_230' title='bbox 804 1961 953 2019; x_wconf 85' lang='lat' dir='ltr'>plebeii</span> <span class='ocrx_word' id='word_1_231' title='bbox 990 1967 1055 2006; x_wconf 90' lang='lat' dir='ltr'>tot</span> <span class='ocrx_word' id='word_1_232' title='bbox 1092 1962 1318 2007; x_wconf 85' lang='lat' dir='ltr'>dictatores</span> <span class='ocrx_word' id='word_1_233' title='bbox 1352 1967 1425 2006; x_wconf 84' lang='lat' dir='ltr'>aut</span> <span class='ocrx_word' id='word_1_234' title='bbox 1463 1962 1516 2007; x_wconf 85' lang='lat' dir='ltr'>ad</span> 
     </span>
     <span class='ocr_line' id='line_1_30' title="bbox 198 2027 1515 2085; baseline 0.002 -16"><span class='ocrx_word' id='word_1_235' title='bbox 198 2027 408 2070; x_wconf 82' lang='lat' dir='ltr'>exerc-itus</span> <span class='ocrx_word' id='word_1_236' title='bbox 444 2030 592 2070; x_wconf 83' lang='lat' dir='ltr'>euntes</span> <span class='ocrx_word' id='word_1_237' title='bbox 629 2030 703 2070; x_wconf 88' lang='lat' dir='ltr'>aut</span> <span class='ocrx_word' id='word_1_238' title='bbox 744 2027 854 2071; x_wconf 89' lang='lat' dir='ltr'>inter</span> <span class='ocrx_word' id='word_1_239' title='bbox 889 2028 979 2085; x_wconf 82' lang='lat' dir='ltr'>ipsa</span> <span class='ocrx_word' id='word_1_240' title='bbox 1013 2027 1152 2072; x_wconf 80' lang='lat' dir='ltr'>bella?</span> <span class='ocrx_word' id='word_1_241' title='bbox 1192 2030 1515 2072; x_wconf 80' lang='lat' dir='ltr'>numerarentur</span> 
     </span>
     <span class='ocr_line' id='line_1_31' title="bbox 199 2089 1515 2150; baseline 0.002 -16"><span class='ocrx_word' id='word_1_242' title='bbox 199 2089 326 2135; x_wconf 87' lang='lat' dir='ltr'>duces</span> <span class='ocrx_word' id='word_1_243' title='bbox 367 2105 509 2135; x_wconf 90' lang='lat' dir='ltr'>eorum</span> <span class='ocrx_word' id='word_1_244' title='bbox 551 2105 767 2145; x_wconf 88' lang='lat' dir='ltr'>annorum,</span> <span class='ocrx_word' id='word_1_245' title='bbox 808 2092 959 2149; x_wconf 86' lang='lat' dir='ltr'>quibus</span> <span class='ocrx_word' id='word_1_246' title='bbox 1000 2091 1256 2150; x_wconf 85' lang='lat' dir='ltr'>plebeiorum</span> <span class='ocrx_word' id='word_1_247' title='bbox 1297 2090 1430 2137; x_wconf 90' lang='lat' dir='ltr'>ductu</span> <span class='ocrx_word' id='word_1_248' title='bbox 1471 2095 1515 2137; x_wconf 86' lang='lat' dir='ltr'>et</span> 
     </span>
     <span class='ocr_line' id='line_1_32' title="bbox 199 2155 1513 2215; baseline 0.002 -16"><span class='ocrx_word' id='word_1_249' title='bbox 199 2155 383 2213; x_wconf 89' lang='lat' dir='ltr'>auspicio</span> <span class='ocrx_word' id='word_1_250' title='bbox 405 2170 471 2199; x_wconf 87' lang='lat' dir='ltr'>res</span> <span class='ocrx_word' id='word_1_251' title='bbox 502 2155 592 2212; x_wconf 88' lang='lat' dir='ltr'>geri</span> <span class='ocrx_word' id='word_1_252' title='bbox 619 2160 767 2214; x_wconf 80' lang='lat' dir='ltr'>coeptoe</span> <span class='ocrx_word' id='word_1_253' title='bbox 794 2161 907 2210; x_wconf 74' lang='lat' dir='ltr'>sinit,</span> <span class='ocrx_word' id='word_1_254' title='bbox 930 2160 1252 2202; x_wconf 84' lang='lat' dir='ltr'>numerarentur</span> <span class='ocrx_word' id='word_1_255' title='bbox 1279 2156 1513 2215; x_wconf 87' lang='lat' dir='ltr'>triumphi:</span> 
     </span>
     <span class='ocr_line' id='line_1_33' title="bbox 195 2219 1514 2279; baseline 0.004 -17"><span class='ocrx_word' id='word_1_256' title='bbox 195 2220 282 2276; x_wconf 82' lang='lat' dir='ltr'>jam</span> <span class='ocrx_word' id='word_1_257' title='bbox 313 2235 365 2264; x_wconf 87' lang='lat' dir='ltr'>nc</span> <span class='ocrx_word' id='word_1_258' title='bbox 393 2219 623 2264; x_wconf 87' lang='lat' dir='ltr'>nobilitatis</span> <span class='ocrx_word' id='word_1_259' title='bbox 654 2220 822 2278; x_wconf 88' lang='lat' dir='ltr'>quidem</span> <span class='ocrx_word' id='word_1_260' title='bbox 849 2237 935 2266; x_wconf 78' lang='lat' dir='ltr'>suae</span> <span class='ocrx_word' id='word_1_261' title='bbox 964 2221 1146 2279; x_wconf 84' lang='lat' dir='ltr'>plebeios</span> <span class='ocrx_word' id='word_1_262' title='bbox 1176 2221 1405 2279; x_wconf 83' lang='lat' dir='ltr'>poenitere:</span> <span class='ocrx_word' id='word_1_263' title='bbox 1437 2236 1514 2279; x_wconf 87' lang='lat' dir='ltr'>pro</span> 
     </span>
     <span class='ocr_line' id='line_1_34' title="bbox 199 2284 1514 2352; baseline 0.002 -22"><span class='ocrx_word' id='word_1_264' title='bbox 199 2289 314 2331; x_wconf 77' lang='lat' dir='ltr'>certo</span> <span class='ocrx_word' id='word_1_265' title='bbox 343 2284 507 2337; x_wconf 80' lang='lat' dir='ltr'>habere,</span> <span class='ocrx_word' id='word_1_266' title='bbox 535 2285 568 2328; x_wconf 91' lang='lat' dir='ltr'>si</span> <span class='ocrx_word' id='word_1_267' title='bbox 598 2285 707 2347; x_wconf 77' lang='lat' dir='ltr'>quod</span> <span class='ocrx_word' id='word_1_268' title='bbox 740 2301 886 2346; x_wconf 79' lang='lat' dir='ltr'>repens</span> <span class='ocrx_word' id='word_1_269' title='bbox 915 2285 1071 2332; x_wconf 83' lang='lat' dir='ltr'>bellum</span> <span class='ocrx_word' id='word_1_270' title='bbox 1102 2286 1274 2341; x_wconf 77' lang='lat' dir='ltr'>oriatur,</span> <span class='ocrx_word' id='word_1_271' title='bbox 1305 2302 1388 2332; x_wconf 88' lang='lat' dir='ltr'>non</span> <span class='ocrx_word' id='word_1_272' title='bbox 1419 2286 1514 2352; x_wconf 83' lang='lat' dir='ltr'>plus</span> 
     </span>
    </p>
   </div>
  </div>
 </body>
</html>
