1649 2452
231 99 312 139 618
553 97 600 138 Τ.
621 97 772 138 LIVII
803 95 1223 137 HISTORIARUM

233 207 316 250 quo
343 193 501 242 coacto,
530 206 604 249 per
632 194 736 250 quot
763 206 893 236 annos
913 206 990 249 pro
1016 191 1211 236 libertate
1232 149 1545 236 dimiggnt3⁶ci19rii

231 256 447 310 Romanis,
485 259 727 313 exponunt:
759 255 898 300 omnia
931 258 1126 313 expertos
1163 271 1266 307 esse,
1301 255 1338 299 si
1372 255 1548 300 suismet

233 320 421 378 ipsorum
456 319 616 364 viribus
649 319 828 364 tolerare
857 323 1021 363 tantam
1050 319 1201 364 molem
1229 317 1329 364 belli
1361 323 1548 376 possent,

232 385 463 443 temptasse
484 384 611 428 etiarn
631 383 746 428 haud
773 384 916 442 magni
936 384 1138 429 momenti
1158 383 1427 428 finitimarum
1448 382 1549 441 g'en—

232 449 340 493 tium
371 447 544 493 auxilia:
578 449 740 505 petisse
770 462 911 505 pacem
945 463 970 492 a
999 447 1153 505 populo
1183 448 1387 500 Romano,
1421 462 1550 506 quum

234 512 388 557 bellum
407 511 587 556 tolerare
618 527 703 556 non
729 515 928 569 possent:
959 511 1199 564 rebellasse,
1223 511 1335 569 quod
1361 525 1444 570 pax
1463 526 1550 556 ser-

192 582 217 617 4
233 577 443 622 vientibus
479 577 647 635 gravior
683 592 808 635 quam
848 576 990 622 liberis
1029 576 1185 622 bellum
1224 579 1348 621 esset.
1409 576 1551 621 Unam

233 642 313 687 sibi
339 657 460 699 spem
494 641 697 699 reliquam
723 641 770 686 in
800 641 994 686 Etruscis
1024 645 1212 686 restaret
1245 641 1352 686 scire
1382 644 1551 699 gentem

231 705 368 750 Italiae
395 705 755 763 opulentissimam
786 705 912 750 armis
939 705 1041 750 viris
1068 705 1245 763 pecunia
1275 720 1379 758 esse,
1400 704 1552 750 habere
1634 742 1635 749 ,

234 770 393 815 accolas
412 769 553 814 Gallos
573 769 685 814 inter
705 769 864 814 ferrum
885 773 929 814 et
950 785 1066 814 arma
1083 774 1222 823 natos,
1240 769 1402 814 feroces
1424 785 1551 828 quum

235 838 385 891 suopte
412 834 580 893 ingenio
601 837 693 878 tum
714 834 914 879 adversus
935 834 1173 878 Romanum
1194 833 1407 892 populum,
1431 849 1554 892 quem

235 902 403 956 captum
435 914 459 942 a
489 914 532 942 se
564 913 750 955 auroque
778 898 1043 956 redemptum
1073 897 1186 942 haud
1210 912 1318 942 vana
1340 900 1553 955 jactantes

235 966 495 1007 memorent:
536 962 643 1006 nihil
682 961 840 1017 abesse,
875 963 912 1006 si
951 962 1008 1006 sit
1048 963 1210 1006 animus
1249 961 1443 1007 Etruscis
1483 961 1556 1020 qui

236 1027 424 1072 Porsinae
446 1025 655 1085 quondam
676 1026 987 1083 majoribusque
1008 1041 1154 1071 eorum
1181 1026 1322 1079 fuerit,
1346 1026 1448 1084 quin
1467 1026 1556 1070 Ro-

237 1106 381 1135 manos
402 1091 515 1135 omni
536 1105 638 1148 agro
658 1091 717 1135 cis
739 1090 922 1135 Tiberim
944 1090 1085 1148 pulsos
1108 1091 1304 1135 dimicare
1324 1105 1400 1148 pro
1420 1090 1557 1134 salute

237 1172 314 1200 sua
332 1171 418 1200 non
438 1155 489 1200 de
509 1154 771 1199 intolerando
799 1155 937 1199 Italiae
957 1171 1087 1213 regno
1115 1158 1292 1213 cogant:
1328 1154 1557 1199 Samnitem

236 1221 317 1265 illis
338 1220 571 1265 exercitum
599 1224 792 1276 paratum
821 1220 1078 1265 instructum
1107 1220 1232 1263 armis
1261 1218 1468 1276 stipendio
1487 1233 1558 1263 ve·

237 1285 361 1338 nisse,
385 1285 606 1330 confestim
633 1288 887 1342 sequuturos
917 1284 985 1329 vel
1012 1285 1048 1328 si
1076 1284 1129 1328 ad
1160 1284 1291 1342 ipsam
1326 1284 1560 1328 Romanam

129 1354 222 1406 (17)
238 1350 386 1395 urbem
406 1348 728 1407 oppugnandam
755 1348 923 1393 ducant.
943 1346 945 1348 ’
986 1349 1091 1394 Haec
1116 1364 1186 1393 eos
1215 1348 1260 1392 in
1279 1347 1452 1392 Etruria
1473 1347 1561 1405 jac·

238 1418 379 1459 tantes
420 1413 724 1470 molientesque
763 1412 919 1457 bellum
960 1412 1071 1458 domi
1118 1414 1357 1457 Romanum
1395 1411 1558 1456 urebat.

200 1479 352 1524 2Nam
381 1478 430 1522 P.
454 1478 625 1531 Decius,
654 1477 729 1522 ubi
758 1477 960 1535 comperit
988 1493 1063 1535 per
1088 1477 1373 1536 exploratores
1403 1476 1561 1534 prosec-

241 1547 334 1588 tum
371 1543 622 1586 Samnitium
662 1542 908 1597 exercitum,
940 1541 1142 1587 advocato
1183 1542 1369 1593 consilio,
1406 1543 1431 1565 “
1446 1539 1563 1590 Quid

241 1624 315 1666 per
355 1608 506 1666 agros''
548 1607 687 1664 inquit
728 1610 969 1665 “vagamur
1009 1607 1180 1652 vicatim
1220 1605 1562 1652 circumferentes

241 1673 430 1718 bellum?
463 1672 564 1730 quin
585 1671 710 1716 urbes
736 1675 780 1716 et
807 1672 959 1716 moenia
985 1671 1286 1730 adgredimur?
1317 1670 1457 1716 nullus
1471 1673 1561 1727 jam

243 1737 453 1782 exercitus
486 1736 654 1780 Samnio
684 1735 908 1794 praesidet:
942 1751 1105 1781 cessere
1133 1736 1287 1781 finibus
1318 1751 1368 1780 ac
1394 1734 1563 1780 sibimet

205 1810 227 1846 3
243 1802 325 1860 ipsi
359 1800 551 1846 exsilium
586 1801 867 1845 conscivere.'’
928 1800 1273 1858 Adprobantibus
1308 1799 1471 1845 cunctis
1511 1798 1565 1843 ad

244 1867 536 1925 Murgantiam
566 1864 744 1909 validam
779 1864 927 1909 urbem
957 1865 1279 1924 oppugnandam
1309 1864 1438 1917 ducit,
1471 1866 1564 1907 tan-

245 1935 400 1989 tusque
431 1929 554 1974 ardor
581 1929 761 1973 militum
782 1929 865 1973 fuit
886 1933 929 1973 et
959 1930 1135 1974 caritate
1165 1930 1283 1975 ducis
1313 1932 1356 1974 et
1385 1943 1459 1986 spe
1479 1943 1566 1971 ma-

240 1996 346 2052 joris
368 2009 492 2053 quam
513 2009 564 2038 ex
593 1992 830 2052 agrestibus
858 1993 1198 2052 populationibus
1227 1992 1388 2052 praedat,
1411 1997 1460 2037 ut
1480 2007 1566 2036 uno

247 2059 313 2104 die
354 2059 396 2103 vi
435 2063 583 2116 atque‘
602 2058 728 2102 armis
767 2057 915 2103 urbem
955 2063 1177 2116 caperent:
1219 2058 1278 2103 ibi
1316 2057 1400 2102 duo
1438 2056 1568 2101 millia

249 2124 500 2168 Samnitium
531 2126 575 2167 ct
596 2127 766 2168 centum
795 2127 1031 2181 pugnantes
1057 2122 1330 2168 circumventi
1357 2121 1565 2179 captique,

248 2192 292 2234 et
323 2187 403 2232 alia
433 2186 572 2246 praeda
603 2188 751 2246 ingens
782 2193 906 2245 capta
934 2191 1028 2232 est:
1060 2203 1152 2246 quae
1179 2202 1232 2231 ne
1259 2185 1568 2244 impedimentis

249 2251 447 2314 gravibus
475 2266 626 2312 agmen
651 2255 858 2310 oneraret,
887 2251 1107 2300 convocari
1136 2250 1290 2298 milites
1317 2249 1474 2299 Decius
1498 2249 1568 2313 ju·
