1649 2452
239 87 319 125 480
558 84 607 124 T.
628 83 780 124 LIVII
809 82 1230 124 HISTORIARUM
1356 136 1405 170 ‘A
1433 138 1460 170 c
1485 137 1546 171 338

1356 153 1373 178 ι
1409 158 1418 170 ·
1462 161 1470 170 ·
1549 162 1560 188 :

203 186 226 228 7
240 179 292 224 ad
327 193 445 224 oram
479 178 732 223 maritimam
772 180 838 223 est
874 177 1167 237 depopulatus.
1227 177 1365 224 Alteri
1399 180 1561 224 consuh

237 244 409 290 AEmiiio
430 244 621 301 ingresso
645 242 854 287 Sabellum
876 258 1024 302 agrum
1044 259 1129 288 non
1149 246 1288 288 castra
1309 244 1561 289 Samnitium

238 324 323 354 non
352 309 537 368 legiones
568 323 746 366 usquam
776 308 1007 365 oppositae:
1049 307 1162 353 ferro
1192 307 1364 366 ignique
1394 311 1561 353 vastan-

239 376 324 418 tem
357 388 479 431 agros
509 373 641 431 legati
677 371 927 416 Samnitium
961 387 1106 430 pacem
1136 376 1304 417 orantes
1335 371 1504 426 adeunt,
1536 388 1562 418 a

239 453 322 496 quo
353 437 499 496 rejecti
530 437 582 481 ad
613 440 807 481 senatum
837 439 1049 494 potestate
1078 437 1191 482 facta
1220 436 1384 482 dicendi
1410 437 1560 495 positis

236 502 446 548 ferocibus
481 502 628 546 animis
665 516 809 559 pacem
845 501 926 546 sibi
958 501 1010 546 ab
1042 501 1246 546 Romanis
1281 501 1461 561 bellique
1488 502 1560 561 jus

237 567 436 612 adversus
468 566 673 610 Sidicinos
701 565 929 624 petierunt,
953 581 1045 623 quae
1076 581 1121 611 se
1148 580 1198 611 eo
1215 566 1373 624 justius
1400 571 1557 625 petere,

237 632 349 690 quod
379 635 422 676 et
452 631 497 675 in
524 630 749 675 amicitiam
776 629 920 689 popuii
948 629 1131 675 Romam·
1159 630 1352 675 secundis
1380 631 1468 676 suis
1495 648 1559 682 re-

236 696 315 741 bus
356 711 442 740 non
480 694 666 740 adversis
706 698 756 739 ut
793 695 997 752 Campani
1026 694 1252 748 venissent,
1285 698 1329 739 et
1359 694 1559 741 adversus

238 761 442 806 Sidicinos
483 762 696 804 sumerent
739 774 854 804 arma
894 775 993 804 suos
1035 775 1198 817 semper
1232 759 1376 804 hostes
1416 760 1561 818 populi

236 825 416 870 Romani
435 839 663 882 numquam
689 824 856 880 amicos,
879 824 951 883 qui
970 839 1049 869 nec
1075 827 1125 868 ut
1157 824 1366 869 Samnites
1386 823 1431 869 in
1457 840 1559 882 pace

235 891 459 935 amicitiam
479 904 558 934 nec
587 893 636 934 ut
666 889 869 947 Campani
894 889 1097 934 auxilium
1125 889 1170 933 in
1200 888 1308 934 bello
1336 889 1556 947 petissent,

233 970 311 1000 nec
330 955 376 999 in
395 954 476 999 fide
497 953 642 1012 populi
662 954 846 998 Romani
865 969 943 998 nec
966 953 1013 998 in
1035 953 1195 998 ditione
1215 957 1370 999 essent.

143 1033 221 1085 (2)
294 1020 440 1069 Quum
471 1020 522 1064 de
553 1019 778 1077 postulatis
811 1020 1064 1064 Samnitium
1105 1019 1152 1064 Τ.
1175 1019 1372 1064 AEmilius
1404 1023 1559 1079 praetor

234 1088 427 1130 senatum
469 1085 750 1130 consuluisset
789 1084 1135 1143 reddendumque
1165 1085 1217 1130 iis
1248 1085 1385 1130 foedus
1415 1090 1557 1144 patres

232 1150 509 1204 censuissent,
525 1154 680 1209 praetor
698 1150 956 1195 Samnitibus
974 1149 1204 1208 respondit,
1218 1165 1307 1205 nec,
1322 1165 1405 1209 quo
1418 1151 1557 1196 minus

231 1219 438 1273 perpetua
467 1230 564 1260 cum
595 1215 654 1260 eis
686 1214 869 1260 amicitia
904 1218 1030 1270 esset,
1062 1229 1137 1272 per
1167 1215 1371 1273 populum
1401 1215 1558 1260 Roma-

231 1295 333 1323 num
365 1280 547 1333 stetisse,
574 1295 651 1324 nec
683 1279 913 1324 contradici
941 1279 1056 1338 quin,
1087 1279 1285 1337 quoniam
1315 1279 1429 1337 ipsos
1460 1280 1558 1326 belli

231 1344 354 1402 culpa
394 1360 470 1389 sua
505 1344 713 1389 contracti
752 1344 925 1389 taedium
967 1343 1139 1401 ceperit,
1172 1344 1356 1388 amicItia
1398 1348 1450 1390 de
1492 1345 1556 1390 in-

195 1412 351 1467 2tegro
379 1409 684 1454 reconcilietur.
748 1408 877 1458 Quod
907 1407 961 1453 ad
990 1408 1196 1453 Sidicinos
1226 1408 1427 1463 adtineat‚
1452 1410 1557 1455 nihil

228 1474 434 1519 intercedi
470 1490 553 1533 quo
583 1475 722 1518 minus
755 1473 935 1518 Samniti
965 1473 1121 1531 populo
1151 1474 1267 1531 pacis
1298 1473 1478 1534 bellique
1506 1478 1557 1524 li-

191 1539 376 1585 3berum
406 1539 627 1584 arbitrium
659 1539 728 1584 sit.
790 1538 966 1583 Foedere
997 1539 1084 1583 icto
1122 1555 1252 1597 quum
1287 1539 1458 1584 domum
1493 1557 1556 1586 re-

227 1604 466 1658 vertissent,
490 1604 700 1663 extemplo
731 1603 829 1649 inde
857 1604 1068 1648 exercitus
1097 1603 1316 1649 Romanus
1345 1603 1554 1651 deductus

227 1684 365 1714 annuo
401 1669 610 1728 stipendio
646 1673 690 1714 et
725 1669 856 1714 trium
891 1684 1079 1714 mensum
1118 1669 1332 1714 frumento
1366 1674 1552 1728 accepto,

227 1734 339 1792 quod
359 1735 577 1793 pepigerat
605 1734 753 1779 consul
778 1737 829 1779 ut
856 1737 1028 1792 tempus
1057 1733 1233 1779 indutiis
1265 1733 1385 1779 daret
1417 1735 1555 1793 quoad

188 1799 355 1858 4legati
394 1799 616 1844 redissent.
680 1799 889 1844 Samnites
930 1799 1061 1858 copiis
1102 1798 1252 1854 isdem,
1294 1799 1446 1858 quibus
1486 1801 1554 1845 usi

226 1863 427 1909 adversus
469 1864 710 1909 Romanum
748 1863 905 1910 bellum
941 1864 1125 1918 fuerant,
1163 1867 1312 1909 contra
1347 1864 1553 1911 Sidicinos

226 1929 405 1986 profecti
425 1928 538 1974 haud
559 1929 603 1973 in
624 1929 752 1975 dubia
772 1945 846 1987 spe
874 1933 995 1975 erant
1024 1932 1190 1973 mature
1222 1928 1338 1973 urbis
1366 1928 1553 1975 hostium

189 1993 454 2051 5p0tiundae.
515 1994 624 2039 'I'um
660 1994 712 2039 ab
750 1994 944 2039 Sidicinis
975 1993 1133 2038 deditio
1165 1993 1281 2051 prius
1313 1993 1366 2038 ad
1397 1994 1552 2040 Roma-

224 2072 302 2103 nos
339 2061 477 2116 coepta
510 2058 603 2104 fieri
637 2062 716 2113 est,
749 2058 858 2115 dein,
895 2062 1118 2118 postquam
1154 2062 1296 2117 patres
1331 2061 1382 2104 ut
1415 2074 1551 2105 seram

227 2137 320 2167 eam
343 2122 574 2182 ultimaque
604 2123 776 2169 tandem
803 2123 1058 2169 necessitate
1089 2138 1331 2181 expressam
1357 2139 1552 2182 asperna-

226 2187 394 2240 bantur,
420 2188 471 2232 ad
492 2188 670 2233 Latinos
687 2189 774 2248 jam
796 2204 874 2233 sua
893 2191 1043 2247 sponte
1069 2188 1113 2232 in
1135 2203 1251 2232 arma
1277 2191 1414 2233 motos
1438 2189 1551 2235 facta

191 2255 306 2301 6est.
368 2252 438 2299 Ne
479 2253 683 2313 Campani
722 2252 1052 2313 quidem-adeo
1092 2254 1257 2312 injuriae
1298 2253 1550 2300 Samnitium
