1649 2452
207 59 287 98 490
524 59 572 99 Τ.
602 58 752 99 LIVII
783 57 1200 100 HISTORIARUM
1318 110 1378 152 [Α.
1393 111 1428 144 ο.
1446 111 1517 146 337.

207 152 315 196 tium
355 166 550 198 accensos
591 154 771 199 minimae
805 154 966 199 fiducioe
1006 169 1156 208 manu3
1189 168 1238 198 co
1269 156 1312 198 et
1346 154 1392 197 in
1425 169 1519 210 pos·

168 219 192 256 8
207 217 385 261 tremam
415 218 544 262 aciem
574 217 882 274 rejiciebantur.
942 217 1031 264 Ubi
1063 219 1130 263 his
1159 216 1374 262 ordinibus
1403 233 1521 262 exer-

207 278 317 326 citus
345 280 580 327 instructus
612 284 737 335 esset,
770 281 930 327 hastati
958 282 1144 328 omnium
1177 282 1302 340 primi
1337 296 1522 340 pugnam

168 343 381 389 vinibant.
463 345 508 390 Si
547 346 705 390 hastati
745 347 967 405 profligare
1006 347 1173 392 hostem
1211 362 1294 390 non
1335 349 1520 403 possent,

206 408 312 466 pede
344 423 489 466 presso
525 424 596 454 eos
628 412 743 454 retro
780 411 976 455 cedentes
1005 411 1051 456 in
1079 411 1301 456 intervalla
1330 409 1524 454 ordinum

207 472 414 531 principes
431 473 701 531 recipiebant.
762 474 871 518 Tum
891 475 1126 532 principum
1142 489 1285 532 pugna
1304 476 1407 528 erat,
1428 473 1524 518 has-

145 540 190 576 10
208 537 287 580 tati
323 537 619 594 sequebantur.
681 537 832 582 Triarii
861 538 940 583 sub
973 538 1137 583 vexillis
1167 537 1439 583 considebant
1469 537 1525 582 si-

206 600 340 644 nistro
382 615 503 645 crure
544 605 751 657 porrecto,
794 605 918 646 scuta
959 603 1104 646 innixa
1141 601 1340 657 humeris,
1379 601 1524 646 hastas

206 664 426 709 suberecta
446 665 618 722 cuspide
640 666 685 710 in
704 669 819 710 terra
845 666 961 719 fixas,
985 665 1097 710 haud
1118 680 1238 710 secus
1269 680 1396 724 quam
1415 664 1526 710 vallo

143 731 182 767 ll
206 738 337 785 saepta
375 728 610 774 inhorreret
651 730 773 783 acies,
809 733 1016 775 tenentes.
1079 729 1126 774 Si
1165 728 1278 787 apud
1315 728 1524 787 principes

206 807 370 850 quoque
400 792 516 837 haud
549 793 651 838 satis
685 809 884 851 prospere
914 798 1026 838 esset
1057 796 1305 851 pugnatum,
1338 807 1363 837 a
1391 793 1526 850 prima

205 857 292 900 acie
313 855 366 900 ad
385 857 553 901 triarios
581 857 737 902 sensim
764 857 1056 903 referebantur
1075 877 1084 902 ι
1116 856 1215 901 inde
1235 872 1324 901 rem
1354 856 1408 901 ad
1426 857 1526 901 tria-

142 923 188 958 32
205 920 288 964 rios
309 919 479 973 redisse,
504 937 634 979 quum
655 921 882 974 laboratur,
905 921 1126 980 proverbio
1154 920 1375 966 increbuit.
1436 921 1526 966 Tri-

204 985 279 1028 arii
322 989 638 1044 consurgentes,
679 985 754 1030 ubi
783 986 828 1030 in
866 986 1086 1031 intervalla
1116 985 1309 1029 ordinum
1351 999 1521 1030 suorum

203 1049 412 1106 principes
442 1053 486 1094 et
515 1049 706 1094 hastatos
734 1051 1004 1108 recepissent,
1035 1049 1246 1106 extemplo
1275 1049 1525 1106 compressis

204 1112 420 1158 ordinibus
447 1113 564 1158 velut
593 1113 843 1159 claudebant
863 1115 964 1168 vias,
986 1129 1156 1172 unoque
1188 1113 1423 1158 continenti
1452 1128 1526 1170 ag-

204 1177 314 1221 mine
330 1179 418 1233 jam
447 1177 563 1222 nulla
592 1194 666 1236 spe
697 1182 794 1236 post
813 1178 962 1224 relicta
990 1179 1034 1222 in
1063 1178 1230 1223 hostem
1258 1176 1522 1222 incidebant:

202 1240 246 1284 id
286 1245 376 1286 erat
416 1241 853 1287 formidolosissimum
895 1243 1021 1296 hosti,
1065 1257 1194 1300 quum
1234 1241 1352 1286 velut
1388 1242 1524 1286 victos

203 1304 418 1363 insequuti
452 1321 603 1350 novam
642 1310 817 1364 repente
853 1307 983 1352 aciem
1023 1308 1322 1364 exsurgentem
1358 1308 1526 1350 auctam

140 1377 184 1414 13
203 1385 376 1414 numero
400 1370 639 1415 cernebant.
703 1371 1004 1416 Scribebantur
1032 1374 1172 1415 autem
1205 1372 1408 1428 quattuor
1436 1369 1525 1415 fere

203 1433 387 1492 legiones
417 1435 554 1493 quinis
585 1435 768 1480 millibus
800 1435 987 1494 peditum
1019 1434 1232 1494 equitibus
1261 1434 1309 1478 in
1337 1434 1525 1493 singulas

141 1496 389 1555 l4legiones
417 1500 612 1544 trecenis.
673 1500 869 1544 Alterum
900 1503 1069 1544 tantum
1099 1514 1153 1543 ex
1181 1499 1338 1543 Latino
1368 1498 1526 1544 dilectu

202 1562 489 1619 adjiciebatur,
516 1564 588 1622 qui
620 1579 670 1608 ea
699 1568 951 1622 tempestate
982 1564 1126 1608 hostes
1155 1567 1274 1608 erant
1305 1563 1522 1617 Romanis,

202 1626 431 1686 eodemque
460 1627 605 1672 ordine
633 1628 926 1672 instruxerant
957 1629 1112 1673 aciem:
1145 1643 1222 1672 nec
1250 1626 1402 1672 vexilla
1428 1642 1525 1672 cum

201 1690 363 1735 vexillis
395 1694 574 1746 tantum,
596 1692 783 1737 universi
813 1692 971 1737 hastati
991 1707 1087 1737 cum
1107 1691 1285 1736 hastatis
1315 1691 1523 1750 principes

201 1769 296 1799 cum
328 1755 600 1814 principibus,
623 1756 699 1801 sed
730 1757 922 1802 centurio
950 1771 1115 1815 quoque
1143 1771 1238 1801 cum
1265 1757 1524 1808 centurione,

203 1819 239 1862 si
268 1819 435 1864 ordines
466 1819 628 1865 turbati
658 1835 742 1865 non
773 1824 928 1874 essent,
959 1819 1290 1866 concurrendum
1321 1819 1402 1865 sibi
1431 1835 1524 1866 esse

138 1886 184 1924 15
202 1883 373 1928 sciebat.
435 1884 534 1929 Duo
565 1884 689 1943 primi
717 1885 790 1942 pili
818 1901 871 1930 ex
898 1888 1078 1944 utraque
1105 1885 1192 1929 acic
1220 1883 1331 1928 inter
1357 1885 1524 1930 triarios

202 1952 334 2002 erant,
376 1948 597 1994 Romanus
639 1964 814 2008 corpore
858 1949 1178 2008 haudquaquam
1217 1949 1320 1993 satis
1360 1949 1523 1995 validus

202 2016 400 2057 caeterum
433 2017 634 2060 strenuus
662 2014 727 2059 vir
754 2014 999 2073 peritusque
1028 2013 1201 2069 militiae,
1230 2013 1406 2059 Latinus
1426 2014 1525 2059 viri-

201 2075 280 2122 bus
302 2078 450 2135 ingens
481 2077 742 2136 bellatorque
773 2079 945 2137 primus,
968 2077 1177 2124 notissimi
1207 2077 1318 2123 inter
1345 2093 1404 2133 se,
1426 2078 1525 2137 quia

201 2155 323 2199 pares
356 2156 522 2199 semper
552 2142 720 2188 ordines
761 2142 1003 2189 duxerunt:
1035 2141 1228 2187 Romano
1268 2141 1381 2188 haud
1418 2142 1523 2189 satis

201 2203 349 2253 fidenti
375 2205 534 2255 viribus
559 2209 650 2268 jam
679 2207 828 2256 Romae
857 2206 1108 2269 permissum
1136 2209 1228 2256 erat
1258 2205 1311 2256 ab
1341 2205 1523 2260 oonsuli-

1628 1471 1632 1491 1

1628 1497 1636 1569 l

1638 422 1645 444 ι
