<?xml version="1.0" encoding="UTF-8"?>
<!DOCTYPE html PUBLIC "-//W3C//DTD XHTML 1.0 Transitional//EN"
    "http://www.w3.org/TR/xhtml1/DTD/xhtml1-transitional.dtd">
<html xmlns="http://www.w3.org/1999/xhtml" xml:lang="en" lang="en">
 <head>
  <title>
</title>
<meta http-equiv="Content-Type" content="text/html;charset=utf-8" />
  <meta name='ocr-system' content='tesseract 3.04.00' />
  <meta name='ocr-capabilities' content='ocr_page ocr_carea ocr_par ocr_line ocrx_word'/>
</head>
<body>
  <div class='ocr_page' id='page_1' title='image "./historiarum00livyuoft_0086.png"; bbox 0 0 1649 2452; ppageno 0'>
   <div class='ocr_carea' id='block_1_1' title="bbox 221 90 1535 182">
    <p class='ocr_par' dir='ltr' id='par_1_1' title="bbox 221 90 1535 182">
     <span class='ocr_line' id='line_1_1' title="bbox 221 90 1498 182; baseline -0.005 -51"><span class='ocrx_word' id='word_1_1' title='bbox 221 95 298 133; x_wconf 81' lang='lat'>438</span> <span class='ocrx_word' id='word_1_2' title='bbox 540 93 583 131; x_wconf 90' lang='lat' dir='ltr'>T.</span> <span class='ocrx_word' id='word_1_3' title='bbox 618 91 766 131; x_wconf 90' lang='lat' dir='ltr'>LIVII</span> <span class='ocrx_word' id='word_1_4' title='bbox 799 90 1217 131; x_wconf 84' lang='lat' dir='ltr'><strong>HISTORIARUM</strong></span> <span class='ocrx_word' id='word_1_5' title='bbox 1336 143 1381 182; x_wconf 72' lang='lat' dir='ltr'>[A</span> <span class='ocrx_word' id='word_1_6' title='bbox 1411 145 1436 175; x_wconf 78' lang='lat' dir='ltr'>c</span> <span class='ocrx_word' id='word_1_7' title='bbox 1465 146 1498 176; x_wconf 86' lang='lat'>3·</span> 
     </span>
     <span class='ocr_line' id='line_1_2' title="bbox 1383 155 1535 176; baseline 0 0"><span class='ocrx_word' id='word_1_8' title='bbox 1383 166 1393 176; x_wconf 67' lang='grc' dir='ltr'><strong><em>ι</em></strong></span> <span class='ocrx_word' id='word_1_9' title='bbox 1438 168 1445 176; x_wconf 90' lang='grc'><strong><em>.</em></strong></span> <span class='ocrx_word' id='word_1_10' title='bbox 1485 155 1535 176; x_wconf 71' lang='grc'>00.</span> 
     </span>
    </p>
   </div>
   <div class='ocr_carea' id='block_1_2' title="bbox 102 185 1540 2315">
    <p class='ocr_par' dir='ltr' id='par_1_2' title="bbox 102 185 1540 2315">
     <span class='ocr_line' id='line_1_3' title="bbox 218 185 1539 244; baseline -0.001 -13"><span class='ocrx_word' id='word_1_11' title='bbox 218 187 356 244; x_wconf 82' lang='lat' dir='ltr'>palam</span> <span class='ocrx_word' id='word_1_12' title='bbox 387 201 435 231; x_wconf 84' lang='lat' dir='ltr'>ac</span> <span class='ocrx_word' id='word_1_13' title='bbox 465 187 672 232; x_wconf 80' lang='lat' dir='ltr'>ferociora</span> <span class='ocrx_word' id='word_1_14' title='bbox 698 186 765 230; x_wconf 86' lang='lat' dir='ltr'>his</span> <span class='ocrx_word' id='word_1_15' title='bbox 791 186 979 244; x_wconf 80' lang='lat' dir='ltr'>jactare:</span> <span class='ocrx_word' id='word_1_16' title='bbox 1010 201 1056 230; x_wconf 91' lang='lat' dir='ltr'>se</span> <span class='ocrx_word' id='word_1_17' title='bbox 1084 186 1249 244; x_wconf 86' lang='lat' dir='ltr'>injussu</span> <span class='ocrx_word' id='word_1_18' title='bbox 1274 185 1539 242; x_wconf 86' lang='lat' dir='ltr'>imperatoris</span> 
     </span>
     <span class='ocr_line' id='line_1_4' title="bbox 155 250 1538 309; baseline -0.002 -12"><span class='ocrx_word' id='word_1_19' title='bbox 155 254 293 297; x_wconf 80' lang='lat' dir='ltr'>14aut</span> <span class='ocrx_word' id='word_1_20' title='bbox 314 252 585 297; x_wconf 86' lang='lat' dir='ltr'>dimicaturos</span> <span class='ocrx_word' id='word_1_21' title='bbox 607 255 680 296; x_wconf 79' lang='lat' dir='ltr'>aut</span> <span class='ocrx_word' id='word_1_22' title='bbox 711 251 877 309; x_wconf 83' lang='lat' dir='ltr'>agmine</span> <span class='ocrx_word' id='word_1_23' title='bbox 903 251 1083 296; x_wconf 81' lang='lat' dir='ltr'><strong>Romam</strong></span> <span class='ocrx_word' id='word_1_24' title='bbox 1112 251 1262 294; x_wconf 84' lang='lat' dir='ltr'>ituros.</span> <span class='ocrx_word' id='word_1_25' title='bbox 1323 250 1538 295; x_wconf 86' lang='lat' dir='ltr'>Immisce·</span> 
     </span>
     <span class='ocr_line' id='line_1_5' title="bbox 216 314 1539 375; baseline -0.001 -14"><span class='ocrx_word' id='word_1_26' title='bbox 216 318 336 375; x_wconf 86' lang='lat' dir='ltr'>rique</span> <span class='ocrx_word' id='word_1_27' title='bbox 362 319 450 373; x_wconf 80' lang='lat' dir='ltr'>J&#39;am</span> <span class='ocrx_word' id='word_1_28' title='bbox 479 316 683 361; x_wconf 79' lang='lat' dir='ltr'>militibus</span> <span class='ocrx_word' id='word_1_29' title='bbox 715 316 994 373; x_wconf 76' lang='lat' dir='ltr'>centuriones,</span> <span class='ocrx_word' id='word_1_30' title='bbox 1023 331 1102 360; x_wconf 89' lang='lat' dir='ltr'>nec</span> <span class='ocrx_word' id='word_1_31' title='bbox 1131 316 1177 360; x_wconf 86' lang='lat' dir='ltr'>in</span> <span class='ocrx_word' id='word_1_32' title='bbox 1211 314 1378 359; x_wconf 83' lang='lat' dir='ltr'>circulis</span> <span class='ocrx_word' id='word_1_33' title='bbox 1413 315 1539 360; x_wconf 90' lang='lat' dir='ltr'>modo</span> 
     </span>
     <span class='ocr_line' id='line_1_6' title="bbox 215 379 1538 439; baseline -0.002 -13"><span class='ocrx_word' id='word_1_34' title='bbox 215 383 394 427; x_wconf 79' lang='lat' dir='ltr'>fremere</span> <span class='ocrx_word' id='word_1_35' title='bbox 435 380 510 426; x_wconf 89' lang='lat' dir='ltr'>sed</span> <span class='ocrx_word' id='word_1_36' title='bbox 539 380 635 439; x_wconf 45' lang='lat' dir='ltr'>jam*</span> <span class='ocrx_word' id='word_1_37' title='bbox 664 380 710 424; x_wconf 92' lang='lat' dir='ltr'>in</span> <span class='ocrx_word' id='word_1_38' title='bbox 742 380 958 439; x_wconf 83' lang='lat' dir='ltr'>principiis</span> <span class='ocrx_word' id='word_1_39' title='bbox 998 395 1048 425; x_wconf 80' lang='lat' dir='ltr'>ac</span> <span class='ocrx_word' id='word_1_40' title='bbox 1086 379 1285 438; x_wconf 74' lang='lat' dir='ltr'>praetorio</span> <span class='ocrx_word' id='word_1_41' title='bbox 1322 379 1369 423; x_wconf 92' lang='lat' dir='ltr'>in</span> <span class='ocrx_word' id='word_1_42' title='bbox 1405 395 1538 424; x_wconf 88' lang='lat' dir='ltr'>unum</span> 
     </span>
     <span class='ocr_line' id='line_1_7' title="bbox 191 443 1540 503; baseline -0.002 -12"><span class='ocrx_word' id='word_1_43' title='bbox 191 456 428 492; x_wconf 71' lang='lat' dir='ltr'>‘sermones</span> <span class='ocrx_word' id='word_1_44' title='bbox 470 444 681 498; x_wconf 86' lang='lat' dir='ltr'>confundi,</span> <span class='ocrx_word' id='word_1_45' title='bbox 715 448 842 503; x_wconf 82' lang='lat' dir='ltr'>atque</span> <span class='ocrx_word' id='word_1_46' title='bbox 876 446 922 490; x_wconf 89' lang='lat' dir='ltr'>in</span> <span class='ocrx_word' id='word_1_47' title='bbox 956 445 1167 490; x_wconf 84' lang='lat' dir='ltr'>concionis</span> <span class='ocrx_word' id='word_1_48' title='bbox 1203 443 1540 502; x_wconf 82' lang='lat' dir='ltr'>magnitudinem</span> 
     </span>
     <span class='ocr_line' id='line_1_8' title="bbox 215 509 1540 562; baseline -0.003 -6"><span class='ocrx_word' id='word_1_49' title='bbox 215 525 402 556; x_wconf 84' lang='lat' dir='ltr'>crescere</span> <span class='ocrx_word' id='word_1_50' title='bbox 432 509 558 554; x_wconf 84' lang='lat' dir='ltr'>turba</span> <span class='ocrx_word' id='word_1_51' title='bbox 590 512 633 553; x_wconf 89' lang='lat' dir='ltr'>et</span> <span class='ocrx_word' id='word_1_52' title='bbox 664 509 893 554; x_wconf 82' lang='lat' dir='ltr'>vociferare</span> <span class='ocrx_word' id='word_1_53' title='bbox 923 525 976 554; x_wconf 85' lang='lat' dir='ltr'>ex</span> <span class='ocrx_word' id='word_1_54' title='bbox 1006 509 1198 554; x_wconf 89' lang='lat' dir='ltr'>omnibus</span> <span class='ocrx_word' id='word_1_55' title='bbox 1234 509 1349 562; x_wconf 82' lang='lat' dir='ltr'>locis,</span> <span class='ocrx_word' id='word_1_56' title='bbox 1381 511 1432 555; x_wconf 80' lang='lat' dir='ltr'>ut</span> <span class='ocrx_word' id='word_1_57' title='bbox 1467 523 1540 552; x_wconf 81' lang='lat' dir='ltr'>ex-</span> 
     </span>
     <span class='ocr_line' id='line_1_9' title="bbox 214 572 1538 632; baseline 0.002 -16"><span class='ocrx_word' id='word_1_58' title='bbox 214 574 372 631; x_wconf 83' lang='lat' dir='ltr'>templo</span> <span class='ocrx_word' id='word_1_59' title='bbox 394 574 447 618; x_wconf 85' lang='lat' dir='ltr'>ad</span> <span class='ocrx_word' id='word_1_60' title='bbox 467 574 717 618; x_wconf 80' lang='lat' dir='ltr'>dictatorem</span> <span class='ocrx_word' id='word_1_61' title='bbox 743 573 891 629; x_wconf 81' lang='lat' dir='ltr'>iretur,</span> <span class='ocrx_word' id='word_1_62' title='bbox 911 573 1040 618; x_wconf 83' lang='lat' dir='ltr'>verba</span> <span class='ocrx_word' id='word_1_63' title='bbox 1059 589 1136 632; x_wconf 89' lang='lat' dir='ltr'>pro</span> <span class='ocrx_word' id='word_1_64' title='bbox 1165 574 1355 618; x_wconf 84' lang='lat' dir='ltr'>exercitu</span> <span class='ocrx_word' id='word_1_65' title='bbox 1380 572 1538 618; x_wconf 81' lang='lat' dir='ltr'>faceret</span> 
     </span>
     <span class='ocr_line' id='line_1_10' title="bbox 102 637 1538 696; baseline 0.001 -16"><span class='ocrx_word' id='word_1_66' title='bbox 102 638 198 690; x_wconf 87' lang='lat'>(13)</span> <span class='ocrx_word' id='word_1_67' title='bbox 217 638 310 683; x_wconf 82' lang='lat' dir='ltr'>Sex.</span> <span class='ocrx_word' id='word_1_68' title='bbox 334 639 501 684; x_wconf 89' lang='lat' dir='ltr'>Tullius</span> <span class='ocrx_word' id='word_1_69' title='bbox 531 642 580 682; x_wconf 87' lang='lat' dir='ltr'>ut</span> <span class='ocrx_word' id='word_1_70' title='bbox 607 638 767 682; x_wconf 83' lang='lat' dir='ltr'>virtute</span> <span class='ocrx_word' id='word_1_71' title='bbox 795 641 888 696; x_wconf 89' lang='lat' dir='ltr'>ejus</span> <span class='ocrx_word' id='word_1_72' title='bbox 919 637 1091 696; x_wconf 89' lang='lat' dir='ltr'>dignum</span> <span class='ocrx_word' id='word_1_73' title='bbox 1119 640 1243 682; x_wconf 86' lang='lat' dir='ltr'>esset.</span> <span class='ocrx_word' id='word_1_74' title='bbox 1304 637 1538 695; x_wconf 82' lang='lat' dir='ltr'>Septimum</span> 
     </span>
     <span class='ocr_line' id='line_1_11' title="bbox 213 701 1539 761; baseline 0.001 -16"><span class='ocrx_word' id='word_1_75' title='bbox 213 702 394 758; x_wconf 73' lang='lat' dir='ltr'>primum</span> <span class='ocrx_word' id='word_1_76' title='bbox 414 702 544 761; x_wconf 89' lang='lat' dir='ltr'>pilum</span> <span class='ocrx_word' id='word_1_77' title='bbox 563 702 652 761; x_wconf 82' lang='lat' dir='ltr'>jam</span> <span class='ocrx_word' id='word_1_78' title='bbox 670 702 833 747; x_wconf 83' lang='lat' dir='ltr'>Tullius</span> <span class='ocrx_word' id='word_1_79' title='bbox 861 701 1042 747; x_wconf 80' lang='lat' dir='ltr'>ducebat</span> <span class='ocrx_word' id='word_1_80' title='bbox 1068 717 1205 760; x_wconf 87' lang='lat' dir='ltr'>neque</span> <span class='ocrx_word' id='word_1_81' title='bbox 1232 704 1321 746; x_wconf 85' lang='lat' dir='ltr'>erat</span> <span class='ocrx_word' id='word_1_82' title='bbox 1348 702 1394 746; x_wconf 88' lang='lat' dir='ltr'>in</span> <span class='ocrx_word' id='word_1_83' title='bbox 1420 717 1539 746; x_wconf 85' lang='lat' dir='ltr'>exer-</span> 
     </span>
     <span class='ocr_line' id='line_1_12' title="bbox 215 765 1537 824; baseline 0 -14"><span class='ocrx_word' id='word_1_84' title='bbox 215 766 315 819; x_wconf 86' lang='lat' dir='ltr'>citu,</span> <span class='ocrx_word' id='word_1_85' title='bbox 341 767 414 824; x_wconf 88' lang='lat' dir='ltr'>qui</span> <span class='ocrx_word' id='word_1_86' title='bbox 443 766 611 824; x_wconf 87' lang='lat' dir='ltr'>quidem</span> <span class='ocrx_word' id='word_1_87' title='bbox 637 766 850 824; x_wconf 78' lang='lat' dir='ltr'>pedestria</span> <span class='ocrx_word' id='word_1_88' title='bbox 876 766 1085 824; x_wconf 79' lang='lat' dir='ltr'>stipendia</span> <span class='ocrx_word' id='word_1_89' title='bbox 1111 766 1295 819; x_wconf 80' lang='lat' dir='ltr'>fecisset,</span> <span class='ocrx_word' id='word_1_90' title='bbox 1321 765 1386 810; x_wconf 82' lang='lat' dir='ltr'>vir</span> <span class='ocrx_word' id='word_1_91' title='bbox 1412 765 1537 810; x_wconf 83' lang='lat' dir='ltr'>factis</span> 
     </span>
     <span class='ocr_line' id='line_1_13' title="bbox 177 829 1537 890; baseline -0.001 -15"><span class='ocrx_word' id='word_1_92' title='bbox 177 835 199 870; x_wconf 86' lang='lat'>2</span> <span class='ocrx_word' id='word_1_93' title='bbox 217 831 406 875; x_wconf 80' lang='lat' dir='ltr'>nobilior.</span> <span class='ocrx_word' id='word_1_94' title='bbox 466 831 512 875; x_wconf 90' lang='lat' dir='ltr'>Is</span> <span class='ocrx_word' id='word_1_95' title='bbox 534 831 774 888; x_wconf 77' lang='lat' dir='ltr'>pree-cedens</span> <span class='ocrx_word' id='word_1_96' title='bbox 793 831 975 876; x_wconf 89' lang='lat' dir='ltr'>militum</span> <span class='ocrx_word' id='word_1_97' title='bbox 998 846 1149 890; x_wconf 80' lang='lat' dir='ltr'>agmen</span> <span class='ocrx_word' id='word_1_98' title='bbox 1169 829 1222 875; x_wconf 84' lang='lat' dir='ltr'>ad</span> <span class='ocrx_word' id='word_1_99' title='bbox 1241 829 1428 875; x_wconf 83' lang='lat' dir='ltr'>tribunal</span> <span class='ocrx_word' id='word_1_100' title='bbox 1447 845 1537 888; x_wconf 90' lang='lat' dir='ltr'>per-</span> 
     </span>
     <span class='ocr_line' id='line_1_14' title="bbox 213 894 1537 953; baseline 0 -14"><span class='ocrx_word' id='word_1_101' title='bbox 213 895 289 952; x_wconf 78' lang='lat' dir='ltr'>git,</span> <span class='ocrx_word' id='word_1_102' title='bbox 311 895 566 953; x_wconf 78' lang='lat' dir='ltr'>mirantique</span> <span class='ocrx_word' id='word_1_103' title='bbox 589 895 772 953; x_wconf 88' lang='lat' dir='ltr'>Sulpicio</span> <span class='ocrx_word' id='word_1_104' title='bbox 793 911 881 940; x_wconf 92' lang='lat' dir='ltr'>non</span> <span class='ocrx_word' id='word_1_105' title='bbox 901 896 1069 940; x_wconf 84' lang='lat' dir='ltr'>turbam</span> <span class='ocrx_word' id='word_1_106' title='bbox 1091 896 1225 953; x_wconf 81' lang='lat' dir='ltr'>magis</span> <span class='ocrx_word' id='word_1_107' title='bbox 1248 910 1374 953; x_wconf 88' lang='lat' dir='ltr'>quam</span> <span class='ocrx_word' id='word_1_108' title='bbox 1399 894 1537 939; x_wconf 84' lang='lat' dir='ltr'>turbae</span> 
     </span>
     <span class='ocr_line' id='line_1_15' title="bbox 217 959 1538 1019; baseline 0.001 -16"><span class='ocrx_word' id='word_1_109' title='bbox 217 959 447 1017; x_wconf 84' lang='lat' dir='ltr'>principem</span> <span class='ocrx_word' id='word_1_110' title='bbox 468 959 652 1004; x_wconf 87' lang='lat' dir='ltr'>Tullium</span> <span class='ocrx_word' id='word_1_111' title='bbox 672 961 857 1019; x_wconf 88' lang='lat' dir='ltr'>imperiis</span> <span class='ocrx_word' id='word_1_112' title='bbox 885 960 1275 1006; x_wconf 86' lang='lat' dir='ltr'>obedientissimum</span> <span class='ocrx_word' id='word_1_113' title='bbox 1302 959 1538 1004; x_wconf 82' lang='lat' dir='ltr'>militem-</span> 
     </span>
     <span class='ocr_line' id='line_1_16' title="bbox 214 1023 1537 1084; baseline 0.002 -16"><span class='ocrx_word' id='word_1_114' title='bbox 214 1027 236 1046; x_wconf 73' lang='lat'>‘⁶</span> <span class='ocrx_word' id='word_1_115' title='bbox 252 1024 296 1068; x_wconf 86' lang='lat' dir='ltr'>Si</span> <span class='ocrx_word' id='word_1_116' title='bbox 323 1024 436 1078; x_wconf 89' lang='lat' dir='ltr'>licet,</span> <span class='ocrx_word' id='word_1_117' title='bbox 461 1024 684 1078; x_wconf 83' lang='lat' dir='ltr'>dictator‚&#39;&#39;</span> <span class='ocrx_word' id='word_1_118' title='bbox 707 1025 869 1084; x_wconf 87' lang='lat' dir='ltr'>inquit:</span> <span class='ocrx_word' id='word_1_119' title='bbox 905 1025 1267 1071; x_wconf 83' lang='lat' dir='ltr'>“condemnatum</span> <span class='ocrx_word' id='word_1_120' title='bbox 1295 1039 1341 1069; x_wconf 93' lang='lat' dir='ltr'>se</span> <span class='ocrx_word' id='word_1_121' title='bbox 1367 1023 1537 1070; x_wconf 75' lang='lat' dir='ltr'>univer-</span> 
     </span>
     <span class='ocr_line' id='line_1_17' title="bbox 212 1089 1535 1148; baseline 0.001 -16"><span class='ocrx_word' id='word_1_122' title='bbox 212 1104 284 1132; x_wconf 88' lang='lat' dir='ltr'>sus</span> <span class='ocrx_word' id='word_1_123' title='bbox 319 1089 530 1134; x_wconf 81' lang='lat' dir='ltr'>exercitus</span> <span class='ocrx_word' id='word_1_124' title='bbox 562 1105 587 1134; x_wconf 83' lang='lat' dir='ltr'>a</span> <span class='ocrx_word' id='word_1_125' title='bbox 616 1094 661 1134; x_wconf 93' lang='lat' dir='ltr'>te</span> <span class='ocrx_word' id='word_1_126' title='bbox 690 1090 868 1148; x_wconf 83' lang='lat' dir='ltr'>ignaviae</span> <span class='ocrx_word' id='word_1_127' title='bbox 897 1094 1016 1135; x_wconf 83' lang='lat' dir='ltr'>ratus</span> <span class='ocrx_word' id='word_1_128' title='bbox 1052 1094 1095 1135; x_wconf 90' lang='lat' dir='ltr'>et</span> <span class='ocrx_word' id='word_1_129' title='bbox 1130 1105 1261 1148; x_wconf 88' lang='lat' dir='ltr'>prope</span> <span class='ocrx_word' id='word_1_130' title='bbox 1293 1089 1535 1146; x_wconf 82' lang='lat' dir='ltr'>ignominiae</span> 
     </span>
     <span class='ocr_line' id='line_1_18' title="bbox 213 1153 1535 1199; baseline 0 -2"><span class='ocrx_word' id='word_1_131' title='bbox 213 1169 339 1198; x_wconf 82' lang='lat' dir='ltr'>causa</span> <span class='ocrx_word' id='word_1_132' title='bbox 360 1153 615 1199; x_wconf 84' lang='lat' dir='ltr'>destitutum</span> <span class='ocrx_word' id='word_1_133' title='bbox 636 1154 726 1198; x_wconf 87' lang='lat' dir='ltr'>sine</span> <span class='ocrx_word' id='word_1_134' title='bbox 753 1155 878 1199; x_wconf 80' lang='lat' dir='ltr'>armis</span> <span class='ocrx_word' id='word_1_135' title='bbox 899 1155 1033 1199; x_wconf 82' lang='lat' dir='ltr'>oravit</span> <span class='ocrx_word' id='word_1_136' title='bbox 1054 1170 1121 1199; x_wconf 90' lang='lat' dir='ltr'>me</span> <span class='ocrx_word' id='word_1_137' title='bbox 1147 1158 1198 1198; x_wconf 82' lang='lat' dir='ltr'>ut</span> <span class='ocrx_word' id='word_1_138' title='bbox 1219 1169 1338 1198; x_wconf 85' lang='lat' dir='ltr'>suam</span> <span class='ocrx_word' id='word_1_139' title='bbox 1365 1168 1535 1198; x_wconf 79' lang='lat' dir='ltr'>causam</span> 
     </span>
     <span class='ocr_line' id='line_1_19' title="bbox 175 1218 1536 1277; baseline 0.001 -17"><span class='ocrx_word' id='word_1_140' title='bbox 175 1223 197 1259; x_wconf 88' lang='lat'><strong>3</strong></span> <span class='ocrx_word' id='word_1_141' title='bbox 213 1218 324 1276; x_wconf 82' lang='lat' dir='ltr'>apud</span> <span class='ocrx_word' id='word_1_142' title='bbox 343 1222 387 1263; x_wconf 89' lang='lat' dir='ltr'>te</span> <span class='ocrx_word' id='word_1_143' title='bbox 408 1234 589 1277; x_wconf 84' lang='lat' dir='ltr'>agerem.</span> <span class='ocrx_word' id='word_1_144' title='bbox 650 1218 870 1275; x_wconf 85' lang='lat' dir='ltr'>Equidem,</span> <span class='ocrx_word' id='word_1_145' title='bbox 895 1219 1027 1264; x_wconf 86' lang='lat' dir='ltr'>sicubi</span> <span class='ocrx_word' id='word_1_146' title='bbox 1048 1219 1139 1263; x_wconf 89' lang='lat' dir='ltr'>loco</span> <span class='ocrx_word' id='word_1_147' title='bbox 1161 1234 1338 1272; x_wconf 86' lang='lat' dir='ltr'>cessum,</span> <span class='ocrx_word' id='word_1_148' title='bbox 1357 1218 1394 1262; x_wconf 93' lang='lat' dir='ltr'>si</span> <span class='ocrx_word' id='word_1_149' title='bbox 1414 1222 1536 1275; x_wconf 82' lang='lat' dir='ltr'>terga</span> 
     </span>
     <span class='ocr_line' id='line_1_20' title="bbox 212 1282 1535 1341; baseline 0 -15"><span class='ocrx_word' id='word_1_150' title='bbox 212 1282 312 1326; x_wconf 82' lang='lat' dir='ltr'>data</span> <span class='ocrx_word' id='word_1_151' title='bbox 340 1282 467 1334; x_wconf 86' lang='lat' dir='ltr'>hosti,</span> <span class='ocrx_word' id='word_1_152' title='bbox 499 1283 536 1328; x_wconf 90' lang='lat' dir='ltr'>si</span> <span class='ocrx_word' id='word_1_153' title='bbox 566 1283 688 1341; x_wconf 81' lang='lat' dir='ltr'>signa</span> <span class='ocrx_word' id='word_1_154' title='bbox 716 1283 826 1328; x_wconf 87' lang='lat' dir='ltr'>foede</span> <span class='ocrx_word' id='word_1_155' title='bbox 857 1284 1010 1328; x_wconf 84' lang='lat' dir='ltr'>amissa</span> <span class='ocrx_word' id='word_1_156' title='bbox 1039 1283 1164 1340; x_wconf 89' lang='lat' dir='ltr'>objici</span> <span class='ocrx_word' id='word_1_157' title='bbox 1193 1282 1314 1327; x_wconf 91' lang='lat' dir='ltr'>nobis</span> <span class='ocrx_word' id='word_1_158' title='bbox 1349 1285 1535 1340; x_wconf 90' lang='lat' dir='ltr'>possent,</span> 
     </span>
     <span class='ocr_line' id='line_1_21' title="bbox 210 1348 1534 1407; baseline -0.001 -15"><span class='ocrx_word' id='word_1_159' title='bbox 210 1350 353 1392; x_wconf 80' lang='lat' dir='ltr'>tamen</span> <span class='ocrx_word' id='word_1_160' title='bbox 387 1348 467 1393; x_wconf 87' lang='lat' dir='ltr'>hoc</span> <span class='ocrx_word' id='word_1_161' title='bbox 501 1363 527 1392; x_wconf 83' lang='lat' dir='ltr'>a</span> <span class='ocrx_word' id='word_1_162' title='bbox 564 1352 609 1392; x_wconf 85' lang='lat' dir='ltr'>te</span> <span class='ocrx_word' id='word_1_163' title='bbox 651 1349 865 1406; x_wconf 85' lang='lat' dir='ltr'>impetrari</span> <span class='ocrx_word' id='word_1_164' title='bbox 899 1364 1061 1407; x_wconf 86' lang='lat' dir='ltr'>aequum</span> <span class='ocrx_word' id='word_1_165' title='bbox 1105 1363 1331 1402; x_wconf 86' lang='lat' dir='ltr'>censerem,</span> <span class='ocrx_word' id='word_1_166' title='bbox 1367 1351 1417 1391; x_wconf 88' lang='lat' dir='ltr'>ut</span> <span class='ocrx_word' id='word_1_167' title='bbox 1456 1362 1534 1391; x_wconf 93' lang='lat' dir='ltr'>nos</span> 
     </span>
     <span class='ocr_line' id='line_1_22' title="bbox 210 1412 1535 1472; baseline 0 -16"><span class='ocrx_word' id='word_1_168' title='bbox 210 1412 370 1457; x_wconf 80' lang='lat' dir='ltr'>virtute</span> <span class='ocrx_word' id='word_1_169' title='bbox 411 1412 577 1470; x_wconf 85' lang='lat' dir='ltr'>culpam</span> <span class='ocrx_word' id='word_1_170' title='bbox 616 1417 807 1458; x_wconf 84' lang='lat' dir='ltr'>nostram</span> <span class='ocrx_word' id='word_1_171' title='bbox 847 1413 1055 1472; x_wconf 85' lang='lat' dir='ltr'>corrigere</span> <span class='ocrx_word' id='word_1_172' title='bbox 1096 1417 1139 1457; x_wconf 90' lang='lat' dir='ltr'>et</span> <span class='ocrx_word' id='word_1_173' title='bbox 1180 1412 1345 1457; x_wconf 82' lang='lat' dir='ltr'>abolere</span> <span class='ocrx_word' id='word_1_174' title='bbox 1383 1412 1535 1470; x_wconf 82' lang='lat' dir='ltr'>fiagitii</span> 
     </span>
     <span class='ocr_line' id='line_1_23' title="bbox 175 1477 1534 1536; baseline 0 -16"><span class='ocrx_word' id='word_1_175' title='bbox 175 1482 193 1516; x_wconf 79' lang='grc'>4</span> <span class='ocrx_word' id='word_1_176' title='bbox 210 1477 453 1521; x_wconf 83' lang='lat' dir='ltr'>memoriam</span> <span class='ocrx_word' id='word_1_177' title='bbox 473 1492 582 1523; x_wconf 83' lang='lat' dir='ltr'>nova</span> <span class='ocrx_word' id='word_1_178' title='bbox 602 1477 736 1536; x_wconf 85' lang='lat' dir='ltr'>gloria</span> <span class='ocrx_word' id='word_1_179' title='bbox 755 1478 972 1536; x_wconf 79' lang='lat' dir='ltr'>patereris.</span> <span class='ocrx_word' id='word_1_180' title='bbox 1034 1478 1175 1521; x_wconf 77' lang='lat' dir='ltr'>Etiam</span> <span class='ocrx_word' id='word_1_181' title='bbox 1197 1477 1249 1521; x_wconf 82' lang='lat' dir='ltr'>ad</span> <span class='ocrx_word' id='word_1_182' title='bbox 1269 1477 1408 1521; x_wconf 87' lang='lat' dir='ltr'>Aliam</span> <span class='ocrx_word' id='word_1_183' title='bbox 1428 1477 1534 1521; x_wconf 81' lang='lat' dir='ltr'>fusae</span> 
     </span>
     <span class='ocr_line' id='line_1_24' title="bbox 209 1541 1534 1601; baseline 0.001 -16"><span class='ocrx_word' id='word_1_184' title='bbox 209 1541 396 1598; x_wconf 87' lang='lat' dir='ltr'>legiones</span> <span class='ocrx_word' id='word_1_185' title='bbox 417 1541 604 1596; x_wconf 82' lang='lat' dir='ltr'>eandem,</span> <span class='ocrx_word' id='word_1_186' title='bbox 628 1558 751 1601; x_wconf 86' lang='lat' dir='ltr'>quam</span> <span class='ocrx_word' id='word_1_187' title='bbox 771 1558 847 1600; x_wconf 89' lang='lat' dir='ltr'>per</span> <span class='ocrx_word' id='word_1_188' title='bbox 867 1558 1064 1601; x_wconf 85' lang='lat' dir='ltr'>pavorem</span> <span class='ocrx_word' id='word_1_189' title='bbox 1091 1543 1329 1595; x_wconf 84' lang='lat' dir='ltr'>amiserant,</span> <span class='ocrx_word' id='word_1_190' title='bbox 1353 1541 1534 1600; x_wconf 82' lang='lat' dir='ltr'>patriam</span> 
     </span>
     <span class='ocr_line' id='line_1_25' title="bbox 174 1605 1534 1665; baseline 0.001 -16"><span class='ocrx_word' id='word_1_191' title='bbox 174 1613 194 1648; x_wconf 87' lang='grc'><em>5</em></span> <span class='ocrx_word' id='word_1_192' title='bbox 209 1605 409 1662; x_wconf 86' lang='lat' dir='ltr'>profectae</span> <span class='ocrx_word' id='word_1_193' title='bbox 435 1611 532 1665; x_wconf 89' lang='lat' dir='ltr'>post</span> <span class='ocrx_word' id='word_1_194' title='bbox 560 1622 610 1652; x_wconf 83' lang='lat' dir='ltr'>ea</span> <span class='ocrx_word' id='word_1_195' title='bbox 636 1622 661 1652; x_wconf 88' lang='lat' dir='ltr'>a</span> <span class='ocrx_word' id='word_1_196' title='bbox 685 1607 804 1651; x_wconf 91' lang='lat' dir='ltr'>Veiis</span> <span class='ocrx_word' id='word_1_197' title='bbox 833 1608 994 1652; x_wconf 85' lang='lat' dir='ltr'>virtute</span> <span class='ocrx_word' id='word_1_198' title='bbox 1023 1622 1334 1665; x_wconf 87' lang='lat' dir='ltr'>recuperavere.</span> <span class='ocrx_word' id='word_1_199' title='bbox 1395 1605 1534 1651; x_wconf 88' lang='lat' dir='ltr'>Nobis</span> 
     </span>
     <span class='ocr_line' id='line_1_26' title="bbox 211 1670 1534 1731; baseline 0 -16"><span class='ocrx_word' id='word_1_200' title='bbox 211 1670 336 1716; x_wconf 78' lang='lat' dir='ltr'>desim</span> <span class='ocrx_word' id='word_1_201' title='bbox 370 1671 632 1730; x_wconf 77' lang='lat' dir='ltr'>benignitate</span> <span class='ocrx_word' id='word_1_202' title='bbox 665 1672 868 1717; x_wconf 85' lang='lat' dir='ltr'>felicitate</span> <span class='ocrx_word' id='word_1_203' title='bbox 902 1676 978 1717; x_wconf 86' lang='lat' dir='ltr'>tua</span> <span class='ocrx_word' id='word_1_204' title='bbox 1014 1672 1241 1731; x_wconf 87' lang='lat' dir='ltr'>populique</span> <span class='ocrx_word' id='word_1_205' title='bbox 1274 1671 1458 1716; x_wconf 84' lang='lat' dir='ltr'>Romani</span> <span class='ocrx_word' id='word_1_206' title='bbox 1489 1674 1534 1715; x_wconf 84' lang='lat' dir='ltr'>et</span> 
     </span>
     <span class='ocr_line' id='line_1_27' title="bbox 208 1734 1534 1796; baseline 0.001 -17"><span class='ocrx_word' id='word_1_207' title='bbox 208 1751 277 1780; x_wconf 89' lang='lat' dir='ltr'>res</span> <span class='ocrx_word' id='word_1_208' title='bbox 305 1738 349 1781; x_wconf 90' lang='lat' dir='ltr'>et</span> <span class='ocrx_word' id='word_1_209' title='bbox 376 1736 511 1795; x_wconf 81' lang='lat' dir='ltr'>gloria</span> <span class='ocrx_word' id='word_1_210' title='bbox 537 1740 603 1782; x_wconf 88' lang='lat' dir='ltr'>est</span> <span class='ocrx_word' id='word_1_211' title='bbox 634 1737 827 1796; x_wconf 84' lang='lat' dir='ltr'>integra:</span> <span class='ocrx_word' id='word_1_212' title='bbox 861 1752 1114 1796; x_wconf 82' lang='lat' dir='ltr'>quamquam</span> <span class='ocrx_word' id='word_1_213' title='bbox 1143 1736 1194 1781; x_wconf 93' lang='lat' dir='ltr'>de</span> <span class='ocrx_word' id='word_1_214' title='bbox 1215 1735 1348 1795; x_wconf 85' lang='lat' dir='ltr'>gloria</span> <span class='ocrx_word' id='word_1_215' title='bbox 1373 1735 1445 1780; x_wconf 81' lang='lat' dir='ltr'>vix</span> <span class='ocrx_word' id='word_1_216' title='bbox 1472 1734 1534 1780; x_wconf 90' lang='lat' dir='ltr'>di·</span> 
     </span>
     <span class='ocr_line' id='line_1_28' title="bbox 210 1800 1532 1859; baseline 0 -15"><span class='ocrx_word' id='word_1_217' title='bbox 210 1814 304 1845; x_wconf 90' lang='lat' dir='ltr'>cere</span> <span class='ocrx_word' id='word_1_218' title='bbox 331 1801 478 1857; x_wconf 81' lang='lat' dir='ltr'>ausim,</span> <span class='ocrx_word' id='word_1_219' title='bbox 501 1801 537 1846; x_wconf 90' lang='lat' dir='ltr'>si</span> <span class='ocrx_word' id='word_1_220' title='bbox 563 1816 640 1846; x_wconf 92' lang='lat' dir='ltr'>nos</span> <span class='ocrx_word' id='word_1_221' title='bbox 671 1807 714 1847; x_wconf 90' lang='lat' dir='ltr'>et</span> <span class='ocrx_word' id='word_1_222' title='bbox 742 1802 887 1847; x_wconf 88' lang='lat' dir='ltr'>hostes</span> <span class='ocrx_word' id='word_1_223' title='bbox 913 1801 1028 1846; x_wconf 83' lang='lat' dir='ltr'>haud</span> <span class='ocrx_word' id='word_1_224' title='bbox 1055 1816 1177 1846; x_wconf 88' lang='lat' dir='ltr'>secus</span> <span class='ocrx_word' id='word_1_225' title='bbox 1205 1815 1330 1859; x_wconf 82' lang='lat' dir='ltr'>quam</span> <span class='ocrx_word' id='word_1_226' title='bbox 1356 1800 1532 1845; x_wconf 86' lang='lat' dir='ltr'>feminas</span> 
     </span>
     <span class='ocr_line' id='line_1_29' title="bbox 211 1864 1533 1912; baseline -0.001 -2"><span class='ocrx_word' id='word_1_227' title='bbox 211 1864 374 1911; x_wconf 86' lang='lat' dir='ltr'>abditos</span> <span class='ocrx_word' id='word_1_228' title='bbox 395 1867 509 1911; x_wconf 85' lang='lat' dir='ltr'>intra</span> <span class='ocrx_word' id='word_1_229' title='bbox 527 1866 684 1912; x_wconf 86' lang='lat' dir='ltr'>vallum</span> <span class='ocrx_word' id='word_1_230' title='bbox 704 1867 902 1912; x_wconf 85' lang='lat' dir='ltr'>omnibus</span> <span class='ocrx_word' id='word_1_231' title='bbox 930 1866 1193 1912; x_wconf 87' lang='lat' dir='ltr'>contumeliis</span> <span class='ocrx_word' id='word_1_232' title='bbox 1221 1865 1398 1911; x_wconf 83' lang='lat' dir='ltr'>eludunt</span> <span class='ocrx_word' id='word_1_233' title='bbox 1418 1869 1462 1910; x_wconf 85' lang='lat' dir='ltr'>et</span> <span class='ocrx_word' id='word_1_234' title='bbox 1481 1868 1533 1910; x_wconf 84' lang='lat' dir='ltr'>tu</span> 
     </span>
     <span class='ocr_line' id='line_1_30' title="bbox 209 1930 1532 1991; baseline 0 -17"><span class='ocrx_word' id='word_1_235' title='bbox 209 1930 438 1988; x_wconf 87' lang='lat' dir='ltr'>imperator</span> <span class='ocrx_word' id='word_1_236' title='bbox 457 1935 615 1986; x_wconf 87' lang='lat' dir='ltr'>noster,</span> <span class='ocrx_word' id='word_1_237' title='bbox 635 1932 747 1990; x_wconf 89' lang='lat' dir='ltr'>quod</span> <span class='ocrx_word' id='word_1_238' title='bbox 767 1932 920 1991; x_wconf 85' lang='lat' dir='ltr'>aegrius</span> <span class='ocrx_word' id='word_1_239' title='bbox 941 1932 1137 1990; x_wconf 85' lang='lat' dir='ltr'>patimur,</span> <span class='ocrx_word' id='word_1_240' title='bbox 1156 1931 1387 1976; x_wconf 83' lang='lat' dir='ltr'>exercitum</span> <span class='ocrx_word' id='word_1_241' title='bbox 1407 1934 1532 1975; x_wconf 90' lang='lat' dir='ltr'>tuum</span> 
     </span>
     <span class='ocr_line' id='line_1_31' title="bbox 211 1994 1531 2054; baseline 0 -15"><span class='ocrx_word' id='word_1_242' title='bbox 211 1994 301 2040; x_wconf 87' lang='lat' dir='ltr'>sine</span> <span class='ocrx_word' id='word_1_243' title='bbox 336 1996 484 2041; x_wconf 86' lang='lat' dir='ltr'>animis</span> <span class='ocrx_word' id='word_1_244' title='bbox 520 1997 610 2041; x_wconf 90' lang='lat' dir='ltr'>sine</span> <span class='ocrx_word' id='word_1_245' title='bbox 640 1997 765 2041; x_wconf 83' lang='lat' dir='ltr'>armis</span> <span class='ocrx_word' id='word_1_246' title='bbox 802 1997 892 2042; x_wconf 83' lang='lat' dir='ltr'>sine</span> <span class='ocrx_word' id='word_1_247' title='bbox 927 1996 1118 2040; x_wconf 84' lang='lat' dir='ltr'>manibus</span> <span class='ocrx_word' id='word_1_248' title='bbox 1143 1995 1311 2054; x_wconf 82' lang='lat' dir='ltr'>judicas</span> <span class='ocrx_word' id='word_1_249' title='bbox 1347 2010 1452 2048; x_wconf 88' lang='lat' dir='ltr'>esse,</span> <span class='ocrx_word' id='word_1_250' title='bbox 1487 1998 1531 2039; x_wconf 84' lang='lat' dir='ltr'>et</span> 
     </span>
     <span class='ocr_line' id='line_1_32' title="bbox 209 2058 1531 2120; baseline 0 -16"><span class='ocrx_word' id='word_1_251' title='bbox 209 2059 340 2117; x_wconf 88' lang='lat' dir='ltr'>prius,</span> <span class='ocrx_word' id='word_1_252' title='bbox 364 2076 488 2119; x_wconf 80' lang='lat' dir='ltr'>quam</span> <span class='ocrx_word' id='word_1_253' title='bbox 509 2065 709 2120; x_wconf 84' lang='lat' dir='ltr'>expertus</span> <span class='ocrx_word' id='word_1_254' title='bbox 729 2077 807 2106; x_wconf 90' lang='lat' dir='ltr'>nos</span> <span class='ocrx_word' id='word_1_255' title='bbox 838 2076 965 2114; x_wconf 80' lang='lat' dir='ltr'>esseS,</span> <span class='ocrx_word' id='word_1_256' title='bbox 988 2061 1040 2106; x_wconf 90' lang='lat' dir='ltr'>de</span> <span class='ocrx_word' id='word_1_257' title='bbox 1067 2060 1188 2105; x_wconf 91' lang='lat' dir='ltr'>nobis</span> <span class='ocrx_word' id='word_1_258' title='bbox 1210 2061 1271 2105; x_wconf 82' lang='lat' dir='ltr'>ita</span> <span class='ocrx_word' id='word_1_259' title='bbox 1297 2058 1531 2118; x_wconf 60' lang='lat' dir='ltr'>despersssti</span> 
     </span>
     <span class='ocr_line' id='line_1_33' title="bbox 208 2125 1528 2182; baseline 0.001 -14"><span class='ocrx_word' id='word_1_260' title='bbox 208 2127 258 2168; x_wconf 88' lang='lat' dir='ltr'>ut</span> <span class='ocrx_word' id='word_1_261' title='bbox 292 2127 338 2170; x_wconf 90' lang='lat' dir='ltr'>te</span> <span class='ocrx_word' id='word_1_262' title='bbox 372 2141 615 2171; x_wconf 86' lang='lat' dir='ltr'>mancorum</span> <span class='ocrx_word' id='word_1_263' title='bbox 656 2141 704 2172; x_wconf 87' lang='lat' dir='ltr'>ac</span> <span class='ocrx_word' id='word_1_264' title='bbox 745 2126 944 2172; x_wconf 89' lang='lat' dir='ltr'>debilium</span> <span class='ocrx_word' id='word_1_265' title='bbox 984 2125 1133 2170; x_wconf 88' lang='lat' dir='ltr'>ducem</span> <span class='ocrx_word' id='word_1_266' title='bbox 1167 2125 1382 2182; x_wconf 83' lang='lat' dir='ltr'>judicares</span> <span class='ocrx_word' id='word_1_267' title='bbox 1422 2139 1528 2169; x_wconf 88' lang='lat' dir='ltr'>esse.</span> 
     </span>
     <span class='ocr_line' id='line_1_34' title="bbox 174 2188 1529 2244; baseline 0.001 -12"><span class='ocrx_word' id='word_1_268' title='bbox 174 2188 328 2238; x_wconf 79' lang='lat' dir='ltr'>6Qm&#39;d</span> <span class='ocrx_word' id='word_1_269' title='bbox 362 2190 473 2235; x_wconf 89' lang='lat' dir='ltr'>enim</span> <span class='ocrx_word' id='word_1_270' title='bbox 503 2191 616 2236; x_wconf 84' lang='lat' dir='ltr'>aliud</span> <span class='ocrx_word' id='word_1_271' title='bbox 646 2207 739 2237; x_wconf 88' lang='lat' dir='ltr'>esse</span> <span class='ocrx_word' id='word_1_272' title='bbox 768 2206 905 2237; x_wconf 81' lang='lat' dir='ltr'>causae</span> <span class='ocrx_word' id='word_1_273' title='bbox 935 2190 1166 2244; x_wconf 80' lang='lat' dir='ltr'>credamus,</span> <span class='ocrx_word' id='word_1_274' title='bbox 1199 2206 1275 2235; x_wconf 91' lang='lat' dir='ltr'>cur</span> <span class='ocrx_word' id='word_1_275' title='bbox 1305 2193 1529 2236; x_wconf 82' lang='lat' dir='ltr'>veteranus</span> 
     </span>
     <span class='ocr_line' id='line_1_35' title="bbox 211 2252 1527 2315; baseline 0.001 -14"><span class='ocrx_word' id='word_1_276' title='bbox 211 2252 298 2302; x_wconf 81' lang='lat' dir='ltr'>dux</span> <span class='ocrx_word' id='word_1_277' title='bbox 325 2254 582 2302; x_wconf 80' lang='lat' dir='ltr'>fortissimus</span> <span class='ocrx_word' id='word_1_278' title='bbox 613 2256 722 2303; x_wconf 87' lang='lat' dir='ltr'>bello</span> <span class='ocrx_word' id='word_1_279' title='bbox 752 2256 1001 2315; x_wconf 85' lang='lat' dir='ltr'>compressis</span> <span class='ocrx_word' id='word_1_280' title='bbox 1036 2255 1148 2315; x_wconf 87' lang='lat' dir='ltr'>quod</span> <span class='ocrx_word' id='word_1_281' title='bbox 1183 2256 1301 2302; x_wconf 82' lang='lat' dir='ltr'>aiunt</span> <span class='ocrx_word' id='word_1_282' title='bbox 1335 2253 1527 2302; x_wconf 71' lang='lat' dir='ltr'>manibus</span> 
     </span>
    </p>
   </div>
  </div>
 </body>
</html>
