1649 2452
219 110 300 148 420
541 111 588 151 T.
609 109 759 150 LIVII
791 108 1207 149 HISTORIARUM
1330 163 1346 175 P
1462 162 1478 175 ἢ
1506 162 1518 170 .

221 206 233 228 ‘
248 203 314 249 abi
363 204 462 249 hinc
507 219 605 250 cum
654 203 938 248 tribunatibus
979 219 1027 248 ac
1065 162 1535 261 rogationibu³sA⁸t3uig⁵⁴i3

185 267 334 327 Squid,
364 268 400 312 si
435 271 486 312 tu
520 283 605 313 non
639 267 799 321 tuleris,
836 267 949 325 quod
983 267 1246 313 commodum
1283 272 1348 312 est
1382 266 1537 325 populo

220 332 419 390 accipere,
442 347 565 377 nemo
586 332 666 377 erit
688 332 760 389 qui
786 330 895 375 ferat
922 331 1057 376 illud?
1090 331 1126 376 si
1153 331 1246 389 quis
1275 331 1475 389 patricius
1502 330 1539 374 si

222 396 488 455 quis-quod
514 396 574 440 illi
600 395 747 440 volunt
774 394 1019 440 invidiosius
1048 395 1402 440 csse—Claudius
1430 394 1539 438 dice-

222 465 289 506 ret
312 465 325 484 ‘
340 464 414 505 aut
444 461 584 505 omnia
614 460 790 517 accipite
816 463 890 504 aut
918 460 1021 504 nihil
1048 460 1307 517 fero'—quis
1338 464 1537 513 vestrum,

223 525 429 577 Quirites,
450 524 612 570 ferret?
643 538 926 582 numquamne
945 539 1021 569 vos
1041 540 1108 569 res
1136 525 1276 582 potius
1299 539 1423 582 quam
1444 537 1539 566 auc-

221 593 336 634 tores
372 588 630 646 spectabitis,
662 588 738 632 sed
766 588 907 632 omnia
936 603 1111 646 semper,
1145 603 1238 646 quae
1267 588 1540 646 magistratus

221 653 290 698 ille
311 653 436 706 dicet,
460 652 654 697 secundis
676 652 860 706 auribus,
885 668 977 710 quae
999 652 1050 697 ab
1078 658 1271 696 nostrum
1292 667 1374 710 quo
1402 651 1542 695 dicen-

221 721 306 770 tur,
330 717 515 761 adversis
543 716 756 774 accipietis
770 718 893 761 ?—at
919 716 1087 762 hercule
1118 731 1254 761 sermo
1282 719 1347 760 est
1374 712 1542 759 minime

223 781 357 826 civilis
372 780 545 839 2—quid
565 781 730 839 rogatio
758 781 891 839 qualis
913 786 990 834 est,
1016 796 1138 839 quam
1161 796 1186 824 a
1206 779 1324 824 vobis
1353 781 1544 837 antiqua-

223 849 312 890 tam
330 845 632 903 indignantur?
665 845 859 900 sermoni,
883 846 1084 898 Quirites,
1108 844 1328 889 simillima.
1381 843 1543 887 Consu-

188 909 285 955 9103
305 910 444 968 inquit
473 925 590 967 rogo,
613 925 666 954 ne
687 909 806 954 vobis
828 925 932 968 quos
953 910 1091 954 velitis
1120 910 1257 954 facere
1277 909 1413 953 liceat.
1474 909 1546 953 An

225 974 347 1019 aliter
367 974 440 1032 qui
466 978 602 1031 rogat,
626 974 698 1032 qui
717 974 866 1032 utique
893 974 1072 1018 alterum
1101 989 1154 1018 ex
1182 973 1303 1031 plebe
1330 973 1420 1018 fieri
1450 988 1545 1017 con-

226 1037 358 1083 sulem
376 1038 499 1095 jubet
519 1053 598 1082 nec
618 1037 724 1082 duos
745 1038 944 1096 patricios
965 1038 1133 1083 creandi
1149 1041 1405 1096 potest-atem
1427 1036 1545 1081 vobis

225 1103 469 1161 permittit?
511 1102 549 1147 si
588 1102 713 1147 hodie
752 1102 860 1147 bella
899 1103 997 1158 sint,
1034 1102 1154 1161 quale
1194 1102 1423 1146 Etruscum
1463 1101 1546 1145 fuit

227 1182 358 1225 quum
376 1166 555 1211 Porsina
574 1167 603 1210 J
605 1166 816 1211 aniculum
842 1167 1010 1220 insedit,
1034 1166 1157 1225 quale
1188 1166 1394 1211 Gallicum
1420 1165 1545 1210 modo

228 1248 359 1291 quum
387 1236 541 1290 praeter
563 1232 818 1290 Capitolium
846 1236 974 1291 atque
1001 1248 1139 1277 arcem
1163 1232 1302 1277 omnia
1331 1232 1420 1277 haec
1449 1232 1546 1276 hos-

226 1299 335 1342 tium
355 1301 487 1353 erant,
504 1302 547 1342 et
569 1298 833 1343 consulatum
855 1313 948 1343 curn
970 1298 1050 1343 1100
1070 1298 1133 1342 M.
1150 1298 1279 1342 Furio
1300 1302 1342 1342 et
1360 1297 1546 1356 quolibet

227 1362 308 1407 alio
329 1378 382 1408 ex
401 1363 592 1421 patribus
612 1363 665 1407 L.
686 1363 757 1407 1110
785 1363 955 1407 Sextius
983 1366 1159 1421 peteret,
1183 1365 1418 1420 possetisne
1437 1362 1546 1407 ferre

229 1427 420 1472 Sextium
449 1426 564 1471 haud
598 1442 673 1485 pro
705 1426 832 1471 dubio
862 1427 1076 1471 consulem
1106 1442 1210 1481 esse,
1243 1426 1464 1471 Camillum
1495 1425 1546 1471 de

227 1491 395 1549 repulsa
415 1491 644 1536 dimicare?
675 1491 824 1535 hocine
852 1495 918 1536 est
945 1492 990 1535 in
1016 1506 1235 1536 commune
1266 1491 1444 1536 honores
1474 1506 1548 1535 vo-

229 1571 336 1609 care,
358 1559 409 1601 ut
436 1555 541 1600 duos
568 1555 752 1613 plebeios
780 1555 870 1600 fieri
900 1556 1091 1600 consules
1122 1556 1256 1609 liceat,
1287 1555 1391 1600 duos
1421 1556 1549 1614 patri-

229 1620 316 1665 cios
336 1635 422 1665 non
450 1620 585 1674 liceat,
609 1623 653 1665 et
680 1620 858 1665 alterum
889 1636 941 1664 ex
969 1620 1087 1678 plebe
1117 1621 1249 1665 creari
1278 1635 1448 1665 necesse
1479 1622 1549 1674 sit,

228 1688 458 1743 utrumque
492 1700 545 1730 ex
579 1684 771 1743 patribus
805 1685 1020 1742 praeterire
1053 1685 1210 1730 liceat?
1242 1700 1432 1743 quaenam
1466 1684 1550 1729 ista

229 1749 421 1802 societaS,
455 1764 645 1808 quaenam
675 1750 886 1794 consortio
922 1752 1020 1794 est?
1051 1765 1199 1807 parum
1234 1754 1312 1804 est,
1343 1750 1391 1802 si,
1429 1749 1549 1808 cujus

228 1829 326 1872 pars
356 1819 433 1858 tua
461 1813 577 1858 nulla
607 1813 744 1858 adhuc
772 1813 868 1867 fuit,
901 1814 946 1858 in
982 1818 1143 1872 partem
1179 1814 1270 1872 ejus
1306 1814 1436 1867 venis,
1468 1814 1551 1858 nisi

229 1881 392 1937 partem
428 1877 611 1936 petendo
650 1882 793 1923 totum
832 1879 1045 1923 traxeris?
1075 1879 1205 1923 timeo
1239 1878 1376 1936 inquit
1411 1893 1478 1931 ne,
1514 1878 1552 1922 si

230 1942 336 1988 duos
355 1942 498 1987 licebit
520 1943 652 1988 creari
673 1942 884 2000 patricios,
906 1943 1115 1988 neminem
1143 1943 1293 1987 creetis
1315 1942 1548 2001 plebeium:

229 2006 392 2066 —quid
411 2010 476 2052 est
505 2007 643 2052 dicere
664 2006 790 2061 aliud,
814 2008 912 2065 quia
939 2006 1133 2066 indignos
1161 2011 1304 2051 vestra
1333 2007 1553 2052 voluntate

231 2071 415 2117 creaturi
433 2086 519 2116 11011
539 2073 654 2125 estis,
678 2072 974 2116 necessitatem
995 2071 1116 2116 vobis
1137 2071 1304 2116 creandi
1333 2087 1439 2130 quos
1468 2087 1553 2118 non

228 2135 361 2180 vultis
396 2135 640 2193 imponam?
673 2135 774 2194 quid
806 2136 998 2194 sequitur
1027 2136 1109 2180 nisi
1140 2141 1189 2180 ut
1220 2151 1273 2180 ne
1303 2135 1552 2181 beneficium

232 2197 402 2257 quidem
438 2199 588 2245 debeat
624 2200 792 2258 populo,
825 2200 861 2244 si
891 2215 988 2245 011111
1023 2199 1187 2245 (111011113
1224 2200 1410 2258 patriciis
1440 2215 1551 2244 unus

234 2263 403 2325 petierit
431 2263 620 2324 plebeius
651 2270 694 2311 ct
724 2265 818 2324 lege
847 2280 892 2310 sc
922 2279 1008 2310 non
1038 2264 1239 2323 suffragio
1269 2267 1458 2310 creatum
1492 2264 1552 2311 di-
