1649 2452
506 65 617 104 LIB.
650 65 773 104 VIII.
806 68 871 112 23,
893 68 954 104 24.
1313 68 1383 105 511

0 142 2 146 ψ
68 127 112 153 Δ.
127 121 163 154 0.
180 120 271 160 8284

68 162 247 208 comitiis
275 161 451 220 quartus
479 159 666 205 decimus
698 159 867 205 demum
896 160 1082 205 interrex
1113 158 1165 203 L.
1188 159 1386 204 AEmilius

70 226 264 272 consules
299 228 414 272 creat
451 224 499 269 C.
521 224 735 269 Poetilium
766 224 818 269 L.
841 224 1056 282 Papirium
1093 224 1384 282 Mugilanum:

68 291 292 337 Cursorem
315 289 360 336 in
380 289 470 334 aliis
491 288 709 333 annalibus
731 288 909 334 invenio.

123 355 285 400 Eodem
305 352 742 399 anno'Alexandream
773 354 817 398 iu
837 354 1026 412 AEgypto
1048 353 1258 411 proditum
1288 369 1385 399 con-
1403 358 1503 411 (24)

66 419 199 464 ditam
228 417 600 476 Alexandrumque
631 418 751 476 Epiri
780 434 922 476 regem
953 417 1005 463 ab
1037 417 1180 462 exsule
1211 418 1385 463 Lucano

65 483 337 529 interfectum
367 487 503 528 sortes
534 482 740 527 Dodonaei
770 483 888 527 Jovis
930 486 1085 528 eventu
1126 481 1384 528 adfirmasse.

64 548 215 593 Accito
236 547 287 593 ab
308 547 547 592 Tarentinis
568 547 613 592 in
633 546 799 591 Italiam
823 546 922 591 data
943 547 1071 591 dictio
1092 551 1195 599 erat,
1221 552 1387 592 caveret
1408 555 1431 590 2

64 612 339 657 Acherusiam
369 627 519 670 aquam
541 611 876 670 Pandosiamque
904 611 1065 664 urbem,
1088 611 1147 656 ibi
1175 611 1273 655 fatis
1296 616 1387 670 ejus

66 677 294 722 terminum
325 676 443 721 dari:
487 691 619 734 eoque
650 677 767 721 ocius
809 676 1091 721 transmisisse
1131 676 1175 720 in
1206 676 1387 732 Italiam,

64 745 113 786 ut
135 757 260 800 quam
280 741 459 786 maxime
481 741 626 799 procul
648 740 812 785 abesset
834 740 938 785 urbe
963 739 1174 785 Pandosia
1193 741 1238 785 in
1258 741 1387 799 Epiro

64 811 108 851 et
142 806 386 851 Acheronte
422 806 546 858 amni,
583 820 703 863 quem
748 820 800 849 ex
844 804 1075 850 Molosside
1109 806 1309 850 fluentem
1343 807 1388 850 in

66 875 218 929 stagna
242 870 406 915 inferna
426 870 577 928 accipit
603 869 881 927 Thesprotius
903 870 1032 913 sinus.
1095 870 1160 914 Ut
1189 875 1386 915 caeterum
1405 877 1428 914 3

64 936 195 980 ferme
215 934 416 994 fugiendo
446 934 491 979 in
521 933 657 979 media
677 934 766 978 sata
794 934 945 987 ruitur,
971 950 1100 991 quum
1128 950 1238 993 saepe
1258 936 1389 980 Brut-

66 999 148 1044 tias
183 999 462 1056 Lucanasque
502 998 687 1057 legiones
718 997 911 1052 fudisset,
943 998 1196 1044 Heracleam
1236 1000 1389 1045 Taren-

63 1064 248 1108 tinorum
269 1063 473 1108 coloniam
495 1062 766 1107 Consentiam
800 1078 853 1107 ex
873 1063 1058 1108 Lucanis
1082 1064 1388 1123 Sipontumque

62 1128 330 1173 Bruttiorum
357 1128 565 1180 Terinam,
589 1127 689 1172 alias
718 1126 815 1172 inde
843 1127 1154 1185 Messapiorum
1175 1144 1223 1174 ac
1250 1130 1388 1174 Luca-

62 1207 212 1237 norum
240 1193 422 1251 cepisset
453 1191 593 1245 urbes,
617 1195 661 1236 et
681 1195 894 1236 trecentas
922 1192 1100 1237 familias
1128 1193 1313 1238 illustres
1344 1195 1389 1239 in

62 1257 253 1315 Epirum,
283 1272 386 1315 quas
415 1255 608 1301 obsidum
634 1271 811 1301 numero
838 1256 1026 1309 haberet,
1057 1257 1254 1309 misisset,
1275 1258 1388 1304 haud

63 1321 211 1379 procul
246 1321 456 1366 Pandosia
487 1320 591 1366 urbe
623 1321 868 1365 imminente
903 1321 1088 1366 Lucanis
1123 1337 1170 1366 ae
1204 1323 1387 1368 Bruttiis

62 1385 217 1431 finibus
243 1389 332 1431 tres
359 1385 547 1430 tumulos
576 1385 838 1444 aliquantum
868 1385 980 1430 inter
1011 1401 1056 1431 se
1087 1385 1293 1432 distantes
1324 1389 1386 1432 in-

64 1449 187 1503 sedit,
224 1466 278 1495 ex
318 1450 470 1508 quibus
511 1450 772 1496 incursiones
812 1451 857 1494 in
896 1465 1060 1495 omnem
1097 1456 1259 1509 partem
1296 1454 1384 1511 agri

0 1560 1 1564 ,
62 1514 226 1559 hostilis
261 1514 431 1559 faceret.
492 1513 551 1559 Et
587 1514 791 1559 ducentos
832 1515 963 1559 ferme
1003 1515 1273 1561 Lucanorum
1315 1521 1429 1562 cii-4

63 1578 175 1624 sules
206 1579 318 1624 circa
348 1594 393 1623 se
423 1593 499 1636 pro
529 1578 623 1623 fidis
650 1578 942 1624 habebat—ut
969 1579 1168 1638 pleraque
1197 1581 1286 1638 ejus
1315 1598 1387 1639 ge-

62 1643 173 1688 neris
204 1643 374 1701 ingenia
405 1647 662 1689 sunt—cum
702 1643 876 1687 fortuna
914 1643 1158 1688 mutabilem
1190 1654 1384 1703 gerentes

61 1707 198 1753 iidem.
260 1707 426 1752 Imbres
467 1707 658 1752 continui
697 1708 854 1765 campis
896 1708 1091 1753 omnibus
1131 1709 1426 1756 inundantes5

0 1812 1 1815 ,
62 1788 192 1830 quum
212 1771 548 1817 interclusissent
576 1771 780 1816 trifariam
803 1773 1034 1817 exercitum
1057 1788 1082 1817 a
1101 1779 1250 1818 mutuo
1272 1775 1384 1820 inter

61 1852 106 1882 se
127 1836 294 1890 auxilio,
318 1836 401 1881 duo
423 1835 627 1894 praesidia,
652 1851 744 1894 quae
766 1836 855 1880 sine
879 1851 979 1895 rege
1001 1841 1133 1890 erant,
1157 1838 1384 1896 improviso

61 1900 246 1945 hostium
275 1900 457 1946 adventu
489 1900 796 1958 opprimuntur,
819 1900 1051 1959 deletisque
1083 1902 1142 1946 eis
1172 1903 1224 1947 ad
1252 1904 1383 1962 ipsius

61 1965 316 2010 obsidionem
349 1980 493 2010 omnes
526 1965 728 2010 conversi.
792 1965 897 2009 Inde
928 1965 980 2010 ab
1010 1966 1197 2012 Lucanis
1228 1969 1424 2014 exsuli-6

61 2029 139 2074 bus
180 2029 233 2074 ad
272 2045 371 2074 suos
411 2030 551 2074 nuntii
581 2030 699 2074 missi
729 2034 829 2074 sunt
870 2035 1078 2089 pactoque
1117 2032 1258 2078 reditu
1289 2050 1383 2091 pro-

61 2094 234 2139 missum
275 2099 340 2138 est
371 2109 513 2153 regem
545 2099 618 2138 aut
648 2095 790 2139 vivum
822 2099 896 2140 aut
926 2103 1141 2141 mortuum
1171 2098 1215 2142 in
1246 2105 1382 2157 potes-

62 2161 195 2204 tatem
223 2158 409 2205 daturos.
469 2159 680 2205 Caeterum
713 2175 807 2205 cum
840 2159 1013 2206 delectis
1043 2162 1134 2221 ipse
1165 2165 1380 2222 egregium
1401 2168 1420 2207 7

0 2290 1 2295 ¹
63 2221 224 2282 {acinus
245 2238 372 2276 ausus
400 2239 475 2294 per
494 2223 653 2279 medios
681 2224 864 2287 erumpit
891 2225 1036 2274 hostes
1057 2232 1100 2274 et
1126 2227 1273 2276 ducem
1297 2229 1381 2279 Lu-
