1649 2452
215 73 293 113 410
527 69 572 111 T.
609 67 759 110 LIVII
790 63 1208 111 HISTORIARUM
1325 122 1383 161 [A.
1401 117 1435 153 C·
1453 116 1525 155 374·

151 171 432 226 11p0rtarum
466 181 607 211 arcere
637 169 828 224 possunt.
891 165 1020 210 Scalis
1051 165 1168 223 prius
1203 164 1356 209 moenia
1390 166 1524 220 capta,

213 232 313 277 inde
335 232 508 276 effracta
529 231 711 276 claustra
731 233 972 288 portarum:
1006 235 1049 275 et
1070 245 1203 288 quum
1223 243 1374 285 anceps
1393 226 1529 271 hostis

216 300 259 342 et
289 312 313 341 a
341 297 481 341 fronte
511 300 554 341 et
575 311 600 340 a
625 299 746 353 tergo
773 304 945 354 urgeret
971 309 1049 340 nec
1077 293 1126 338 ad
1149 308 1334 353 pugnam
1352 291 1439 336 ulla
1466 290 1530 336 vis

215 376 294 407 nec
316 360 367 406 ad
396 361 543 420 fugam
568 359 649 405 loci
678 359 898 417 quicquam
926 361 1176 418 superesset,
1208 359 1254 403 in
1271 355 1408 402 medio
1435 354 1534 400 caesi

155 428 205 466 12
219 426 273 471 ad
292 442 424 471 unum
444 440 599 470 omnes.
659 425 926 481 Recuperato
953 423 1005 469 ab
1031 423 1226 469 hostibus
1251 420 1434 467 Tusculo
1461 434 1534 465 ex-

222 491 378 536 ercitus
400 491 579 535 Romam
599 492 663 534 est
679 487 890 534 reductus.

107 551 212 603 (34)
283 557 456 605 Quanto
496 554 628 613 magis
669 553 878 612 prosperis
920 567 968 598 eo
1009 567 1117 597 anno
1151 551 1270 597 bellis
1310 547 1536 608 tranquilla

223 621 363 665 omnia
394 619 495 664 foris
531 621 663 673 erant,
698 622 818 662 tanto
854 618 899 662 in
932 617 1036 670 urbe
1070 618 1133 662 vis
1170 620 1338 674 patrum
1367 614 1412 658 in
1446 614 1535 658 dies

222 684 481 742 miseriaeque
508 682 640 742 plebis
672 681 925 735 crescebant,
957 698 1084 739 quum
1117 697 1166 726 eo
1193 682 1297 739 ipso,
1328 677 1441 737 quod
1465 693 1537 725 ne·

187 751 338 794 2cesse
359 752 449 794 erat
477 747 593 801 solvi,
617 747 794 791 facultas
823 746 1010 791 solvendi
1036 745 1322 804 impediretur.
1383 743 1538 801 Itaque

223 829 352 872 quum
367 816 456 870 jam
479 828 532 856 ex
551 827 597 856 re
621 811 726 856 nihil
747 810 837 855 dari
857 814 1012 868 posset,
1035 810 1148 854 fama
1168 812 1211 854 et
1233 822 1406 866 corpore
1420 806 1538 864 ju'di-

224 878 307 922 cati
323 881 449 936 atque
471 875 627 921 addicti
643 875 918 921 creditoribus
936 875 1251 920 satisfaciebant
1268 889 1475 934 poenaque
1494 873 1540 918 in

189 942 356 986 3vicem
377 941 475 986 fidei
495 944 691 986 cesserat.
752 939 872 985 Adeo
901 955 1001 998 ergo
1030 939 1232 984 obnoxios
1258 939 1539 984 submiserant

225 1007 384 1050 animos
412 1021 497 1050 non
523 1006 655 1050 infimi
682 1005 815 1050 solum
845 1004 919 1049 sed
945 1004 1152 1062 principes
1174 1004 1300 1048 etiam
1321 1003 1468 1062 plebis,
1491 1005 1540 1047 ut

225 1086 310 1115 non
332 1070 455 1114 modo
476 1069 529 1114 ad
549 1069 810 1115 tribunatum
840 1069 1016 1114 militum
1044 1069 1156 1112 inter
1175 1068 1372 1126 patricios
1393 1072 1542 1126 peten-

227 1134 340 1187 dum,
374 1134 486 1193 quod
515 1138 637 1179 tanta
665 1134 708 1179 vi
734 1137 785 1179 ut
814 1134 959 1179 liceret
989 1133 1270 1185 tetenderant,
1301 1132 1376 1177 sed
1405 1147 1458 1176 ne
1489 1130 1543 1176 ad

227 1199 411 1258 plebeios
448 1199 616 1258 quidem
645 1200 919 1258 magistratus
950 1196 1225 1256 capessendos
1256 1196 1543 1256 petendosque

229 1263 304 1308 ulli
344 1264 434 1308 viro
476 1264 562 1308 acri
602 1263 916 1323 experientique
958 1263 1120 1307 animus
1169 1265 1296 1314 esset,
1336 1260 1541 1320 possessi-

230 1343 436 1385 onemque
470 1328 640 1373 honoris
676 1328 871 1387 usurpati
906 1327 1029 1372 modo
1065 1343 1090 1371 a
1124 1326 1244 1386 plebe
1279 1342 1354 1384 per
1388 1339 1544 1384 paucos

192 1395 217 1432 4
232 1408 360 1437 annos
381 1393 652 1450 recuperasse
673 1393 718 1437 in
738 1395 989 1451 perpetuum
1010 1395 1151 1450 patres
1173 1391 1428 1435 viderentur.
1475 1389 1545 1434 Ne

231 1457 274 1502 id
295 1457 417 1501 nimis
438 1457 581 1502 laetum
603 1458 715 1516 parti
743 1457 864 1502 alteri
891 1460 1015 1510 esset,
1039 1459 1274 1515 parva—ut
1302 1454 1547 1514 plerumque

198 1521 487 1566 5solet-—rem
522 1522 736 1581 ingentem
774 1521 977 1566 moliundi
1017 1536 1143 1565 causa
1181 1519 1420 1565 intervenit.
1481 1518 1546 1563 M.

232 1585 352 1630 Fabii
367 1585 579 1640 Ambusti,
599 1587 784 1645 potentis
801 1586 880 1631 viri
900 1601 1030 1644 quum
1051 1585 1162 1630 inter
1182 1585 1250 1630 sui
1269 1583 1454 1642 corporis
1473 1582 1549 1628 ho-

234 1649 368 1694 mines
388 1654 483 1695 tum
512 1651 637 1695 etiam
667 1651 720 1695 ad
749 1650 923 1709 plebem,
948 1649 1060 1708 quod
1088 1648 1409 1708 haudquaquam
1438 1647 1551 1693 inter

235 1715 280 1760 id
311 1731 445 1774 genus
477 1719 741 1775 contemptor
766 1717 856 1775 ejus
888 1716 1134 1770 habebatur,
1163 1715 1258 1761 filiae
1285 1714 1378 1760 duae
1403 1717 1551 1772 nuptae

238 1781 326 1825 Ser.
352 1780 535 1839 Sulpicio
556 1782 699 1840 major,
718 1781 854 1826 minor
876 1781 924 1826 C.
947 1780 1111 1826 Licinio
1134 1779 1296 1825 Stoloni
1315 1781 1419 1832 erat,
1436 1777 1553 1825 illus-

236 1846 295 1890 tri
311 1847 477 1904 quidem
497 1846 600 1903 viro,
615 1850 757 1891 tamen
777 1846 952 1905 plebeio,
966 1861 1097 1904 eaque
1117 1845 1208 1903 ipsa
1228 1843 1420 1888 adfinitas
1440 1842 1553 1888 haud

202 1912 225 1950 6
240 1914 382 1968 spreta
408 1911 586 1970 gratiam
606 1911 737 1957 Fabio
766 1910 817 1955 ad
838 1911 1012 1970 vulgum
1043 1910 1277 1968 quaesierat.
1337 1908 1467 1953 Forte
1490 1907 1555 1952 ita

239 1974 386 2020 incidit
407 1979 469 2029 ut,
492 1976 537 2020 in
559 1976 695 2021 Servii
717 1975 889 2034 Sulpicii
909 1975 1069 2020 tribum'
1088 1974 1268 2018 militum
1296 1973 1419 2018 domo
1440 1986 1555 2018 soro-

239 2054 307 2084 res
330 2039 470 2084 Fabiae
486 2056 615 2098 quum
631 2041 743 2086 inter
759 2055 816 2096 se,
830 2043 879 2084 ut
901 2040 962 2093 fit,
981 2038 1241 2085 sermonibus
1262 2041 1429 2097 tempus
1444 2040 1555 2082 tere-

241 2106 349 2157 rent,
373 2103 496 2148 lictor
525 2105 709 2164 Sulpicii,
733 2121 863 2163 quum
883 2104 920 2149 is
941 2103 993 2148 de
1020 2103 1112 2148 foro
1133 2119 1178 2148 se
1199 2102 1370 2148 domum
1396 2101 1556 2159 recipe-

207 2170 321 2222 7ret,
345 2168 490 2223 forem,
512 2173 562 2214 ut
582 2185 672 2214 mos
703 2174 781 2223 est,
805 2169 924 2227 virga
952 2171 1206 2228 percuteret.
1268 2168 1409 2222 Quum
1428 2165 1482 2211 ad
1510 2165 1555 2210 id

243 2232 370 2280 moris
391 2235 483 2298 ejus
510 2234 678 2282 insueta
704 2234 942 2297 expavisset
967 2233 1105 2281 minor
1130 2232 1273 2292 Fabia,
1292 2231 1397 2282 risui
1421 2230 1555 2282 sorori
