1649 2452
546 65 658 105 LIB.
687 63 790 104 vn.
818 66 988 105 20—22.
1352 65 1431 105 449

106 121 318 209 1111ιῇ0811ἔέ
348 159 532 207 celebres
570 158 810 205 nominibus
844 159 1011 204 essent:
1042 157 1163 203 fuere
1202 159 1346 204 autem
1381 158 1432 205 C.

108 228 303 273 Duellius
322 226 371 271 P.
395 225 552 270 Decius
579 223 682 268 Mus
704 223 768 268 M.
786 223 981 282 Papirius
1003 222 1058 272 Q.
1080 221 1290 268 Publilius
1318 226 1362 267 et
1381 223 1432 268 T.

108 292 319 344 AEmilius,
351 290 423 349 qui
453 304 542 334 rem
573 287 855 333 difficillimam
895 291 1083 333 tractatu
1112 291 1156 331 et
1187 286 1434 345 plerumque

108 356 221 415 parti
239 355 422 414 utrique,
440 368 607 411 semper
626 356 741 398 certe
761 352 884 397 alteri
903 367 1073 411 gravem
1094 367 1225 410 quum
1246 351 1327 395 alia
1345 367 1434 396 mo·

109 420 325 466 deratione
360 423 455 464 tum
487 416 699 474 impendio
735 417 871 476 magis
906 415 1074 475 publico
1109 431 1235 474 quam
1264 418 1436 473 Jactura

110 484 420 530 sustinuerunt.
481 481 620 527 Tarda
646 481 759 525 enim
778 481 948 526 nomina
967 485 1011 526 et
1031 479 1299 539 impeditiora
1326 481 1435 525 iner-
1448 491 1472 528 8

108 550 172 595 tia
202 548 440 594 debitorum
476 562 601 605 quam
638 545 912 591 facultatibus
948 548 1022 590 aut
1053 545 1247 590 aerarium
1280 545 1436 589 mensis

110 628 209 659 cum
224 628 306 658 aere
325 613 369 657 in
390 612 482 656 foro
504 610 652 669 positis
674 609 867 655 dissolvit
887 613 937 654 ut
957 609 1113 668 populo
1134 608 1252 667 prius
1273 623 1436 654 cavere·

109 682 195 732 tur,
218 681 294 722 aut
315 675 541 722 aestimatio
562 674 693 733 aequis
713 690 855 719 rerum
885 675 1032 733 pretiis
1053 672 1259 726 liberavit,
1281 677 1331 717 ut
1351 688 1437 717 non

110 741 235 786 modo
275 741 367 786 sine
407 739 563 798 injuria
601 737 677 783 sed
711 738 838 783 etiam
874 739 964 783 sine
1000 737 1269 796 querimoniis
1303 737 1437 796 partis

111 807 336 865 utriusque
355 805 563 851 exhausta
582 804 645 848 vis
666 804 816 862 ingens
837 804 930 848 aeris
952 803 1076 848 alieni
1095 803 1164 848 sit.

170 871 325 916 Terror
344 869 442 915 inde
458 884 591 914 vanus
611 868 710 913 belli
730 868 914 921 Etrusci,
930 883 1060 927 quum
1076 867 1319 925 conjurasse
1335 866 1437 911 duo-
1451 873 1475 911 9

113 935 248 981 decim
267 934 446 994 populos
466 933 578 978 fama
597 936 723 988 esset,
739 932 987 978 dictatorem
1004 932 1086 977 dici
1106 932 1265 991 coegit:
1299 931 1438 976 dictus

113 1000 158 1045 in
193 1000 455 1045 castris—eo
485 998 596 1044 enim
627 996 679 1042 ad
711 997 904 1042 consules
934 998 1109 1041 missum
1139 1000 1310 1041 senatus
1341 1011 1439 1041 con-

114 1063 275 1109 sultum
305 1064 475 1109 est-G.
507 1062 662 1115 Julius,
693 1062 762 1107 cui
791 1062 993 1120 magister
1023 1062 1212 1119 equitum
1248 1060 1440 1118 adjectus

114 1129 163 1173 L.
186 1128 395 1174 AEmilius.
470 1127 682 1172 Caeterum
721 1126 824 1171 foris
863 1125 1089 1184 tranquilla
1127 1126 1267 1171 omnia
1305 1126 1435 1171 fuere.

114 1193 386 1251 Temptatum
407 1191 520 1237 domi
539 1207 614 1250 per
643 1191 904 1244 dictatorem,
927 1194 977 1235 ut
1005 1190 1126 1236 ambo
1154 1191 1319 1249 patricii
1339 1205 1437 1236 con-
1452 1196 1559 1247 (22)

114 1254 228 1300 sules
244 1261 499 1308 crearentur,
513 1270 603 1300 rem
624 1254 677 1299 ad
691 1255 981 1314 interregnum
996 1255 1207 1314 perduxit.
1259 1257 1359 1302 Duo
1374 1258 1437 1302 in-
1452 1267 1476 1304 2

115 1323 303 1379 terreges
325 1319 374 1365 C.
398 1319 609 1378 Sulpicius
629 1326 673 1365 et
693 1319 758 1364 M.
781 1319 936 1365 Fabius
957 1321 1198 1378 interpositi
1217 1321 1439 1367 obtinuere

114 1384 288 1444 —quod
315 1384 497 1430 dictator
523 1384 683 1429 frustra
711 1385 1175 1430 tetenderat-mitiore
1201 1386 1287 1443 jam
1319 1387 1439 1444 plebe

114 1449 170 1494 ob
190 1464 336 1494 recens
371 1448 570 1493 meritum
603 1448 731 1493 levati
761 1450 855 1494 aeris
887 1449 1011 1494 alieni
1041 1453 1090 1494 ut
1122 1449 1244 1495 ambo
1273 1452 1440 1508 patricii

115 1513 309 1558 consules
345 1516 617 1558 crearentur:
649 1514 781 1558 creati
810 1513 901 1571 ipse
933 1513 980 1558 C.
1005 1514 1215 1572 Sulpicius
1251 1515 1437 1569 Peticus,

116 1577 190 1635 qui
223 1578 339 1635 prior
373 1578 615 1635 interregno
652 1577 752 1630 abit,
790 1581 834 1622 et
868 1577 916 1622 T.
940 1577 1168 1626 Quinctius
1209 1579 1441 1624 Pennus-—

116 1640 287 1700 quidam
315 1640 531 1686 Caesonem
558 1640 628 1686 alii
649 1640 799 1686 Gaium
826 1656 979 1686 nomen
1000 1642 1202 1691 Quinctio
1223 1643 1439 1702 adjiciunt.

115 1705 186 1750 Ad
224 1705 381 1751 bellum
416 1705 538 1750 ambo
578 1705 1024 1763 profecti—Faliscum
1065 1707 1306 1763 Qujnctius,
1348 1709 1439 1754 Sul-

116 1769 251 1828 picius
265 1769 835 1828 Tarquiniense—nusquam
853 1770 940 1815 acie
956 1786 1180 1830 congresso
1200 1772 1323 1817 hoste
1343 1788 1439 1819 cum

116 1834 229 1892 agris
250 1834 384 1893 magis
406 1848 532 1892 quam
560 1848 655 1878 cum
676 1833 913 1879 hominibus
934 1836 1094 1880 urendo
1120 1837 1439 1897 populandoque

116 1903 341 1957 gesserunt
380 1897 513 1943 bella:
546 1900 668 1954 cujus
709 1897 834 1943 lentae
873 1899 989 1944 velut
1026 1900 1135 1946 tabis
1177 1902 1293 1946 senio
1331 1903 1441 1947 victa

116 1963 340 2021 utriusque
360 1962 591 2020 pertinacia
610 1962 754 2020 populi
774 1966 852 2016 est,
870 1968 919 2007 ut
941 1965 1120 2021 primum
1142 1980 1167 2009 3
1185 1966 1438 2021 consulibus,

117 2025 216 2072 dein
242 2027 449 2085 permissu
476 2041 622 2071 eorum
650 2026 702 2071 ab
730 2031 880 2072 senatu
906 2027 1091 2074 indutias
1118 2033 1325 2088 peterent.
1385 2031 1439 2076 In
1454 2043 1476 2079 3

117 2091 397 2150 quadraginta
424 2105 556 2136 annos
582 2091 932 2149 impetraverunt.
994 2094 1065 2138 Ita
1093 2095 1232 2152 posita
1261 2095 1439 2142 duorum
1455 2107 1480 2143 4

117 2153 319 2201 bellorum
357 2171 451 2215 quae
485 2155 759 2200 imminebant
789 2172 902 2211 cura,
933 2157 1033 2203 dum
1064 2160 1202 2219 aliqua
1232 2161 1284 2206 ab
1314 2163 1440 2208 armis

119 2219 238 2276 quies
272 2228 397 2274 esset,
433 2220 530 2278 quia
566 2220 720 2265 solutio
755 2222 848 2266 aeris
886 2222 1008 2270 alieni
1043 2225 1269 2271 multarum
1300 2242 1438 2273 rerum

178 2300 248 2325 m.
266 2301 359 2326 mst-
375 2303 403 2326 1.
756 2298 782 2329 G
803 2301 834 2341 g
