1649 2452
536 91 884 128 ARGUMENTA.
1293 91 1333 130 xi

120 177 213 213 dum
238 175 428 224 proficisci
454 174 582 218 vellet,
609 174 649 210 in
681 173 776 209 urbe
804 172 930 209 tenuit
958 182 1030 208 nec
1056 182 1194 218 passus
1222 173 1336 207 aet'a

120 225 239 261 sacris
250 223 441 260 recedere.
496 222 627 258 Rebus
643 221 827 257 adversus
844 221 981 257 Poenos
996 231 1020 256 a
1037 219 1211 266 pluribus
1228 219 1336 255 duci-

120 273 193 309 bus
208 283 394 319 prospere
409 272 530 317 gestis
546 282 737 306 summam
754 270 924 306 victoriae
943 269 986 306 C.
1010 268 1189 304 Lutatius
1207 267 1338 304 consul

57 320 62 327 '
123 322 224 357 victa
240 321 292 356 ad
308 321 468 366 AEgates
483 319 628 355 insulas
650 318 771 354 classe
794 317 998 354 Poenorum
1016 317 1210 363 imposuit.
1265 315 1338 351 Pe·

122 369 295 405 tentibus
311 365 694 414 Carthaginiensibus
712 378 789 412 pax
804 366 900 402 data
912 369 982 402 est.
1009 364 1136 409 Quum
1148 363 1339 410 templum

124 416 254 453 Vestae
275 415 442 461 arderet,
469 415 642 452 Caecilius
668 414 849 450 Metellus
872 413 1047 461 pontifex
1072 413 1266 449 maximus
1290 423 1339 447 ex

123 464 300 502 incendio
309 475 420 501 sacra
435 463 590 510 eripuit.
625 462 719 499 Duae
730 462 854 498 tribus
870 461 1029 508 adjectae
1044 464 1135 496 sunt
1148 459 1288 496 Velina
1301 464 1343 495 et

124 513 294 559 Quirina.
347 512 487 548 Falisci
503 522 624 558 quum
640 509 902 557 rebellassent,
923 514 1033 547 sexto
1051 509 1114 546 die
1130 507 1339 556 perdomiti

125 562 164 598 in
181 561 416 598 deditionem
432 564 632 597 venerunt.

627 668 727 706 LIB.
754 667 846 707 XX.

174 760 411 798 SPOLE'HUM
444 757 591 795 colonia
620 757 790 794 deducta
820 760 894 794 est.
962 757 1158 794 Adversus
1187 757 1346 802 Ligures

126 811 219 844 tunc
247 808 417 855 primum
446 807 638 842 exercitus
667 809 869 852 promotus
896 810 968 843 eet.
1022 805 1134 843 Sardi
1162 809 1203 840 et
1238 804 1346 841 Corsi

125 867 245 903 quum
270 855 531 898 rebellassent,
560 854 711 890 subacti
734 857 837 889 sunt.
891 853 1035 890 Tuccia
1051 854 1159 898 virgo
1177 852 1348 889 Vestalis

124 904 261 940 incesti
290 904 476 940 damnata
499 906 570 938 est.
621 901 772 937 Bellum
802 901 946 948 Illyriis
968 906 1132 948 propter
1156 913 1278 937 unum
1299 911 1348 936 ex

124 954 273 999 legatis,
305 953 368 999 qui
396 952 446 988 ad
478 963 542 987 eos
569 952 676 987 missi
706 956 832 995 erant,
866 952 1034 987 occisum
1062 952 1252 989 indictum
1281 960 1351 996 est,

119 1001 347 1046 subactique
363 1001 402 1036 in
423 999 661 1036 deditionem
679 1003 879 1035 venerunt.
934 999 1145 1035 Praetorum
1168 1011 1352 1038 numerus

117 1060 180 1132 {²13³
177 1049 331 1132 {iffi
346 1051 830 1142 ssffussssffifflsuffiffi‘·
853 1046 1349 1142 ssffssfllffgssssffiffissffl

116 1156 188 1180 nus
197 1145 256 1180 sui
266 1144 471 1191 Latinique
482 1143 650 1179 nominis
657 1147 832 1179 trecenta
845 1143 965 1179 millia
977 1148 1217 1180 armatorum
1228 1145 1349 1182 habu-

114 1192 190 1228 isse
209 1192 363 1228 dicitur.
394 1192 640 1228 Exercitibus
656 1191 842 1228 Romanis
858 1196 952 1227 tunc
966 1192 1135 1238 primum
1150 1196 1261 1229 trans
1277 1193 1348 1230 Pa-

118 1239 212 1276 dum
237 1240 364 1276 ductis
378 1239 480 1277 Galli
498 1239 681 1276 Insubres
697 1239 748 1275 ali
777 1244 846 1276 uot
866 1239 1012 1286 proeliis
1033 1240 1160 1276 fusiin
1185 1240 1347 1278 deditio-

117 1299 207 1324 nem
223 1292 426 1325 venerunt.
456 1287 511 1324 M.
534 1287 718 1325 Claudius
732 1287 755 1324 h
775 1287 939 1324 arcellus
949 1288 1083 1324 consul
1093 1289 1219 1325 occiso
1237 1289 1347 1326 Insu-

113 1335 242 1372 brium
259 1336 459 1373 Gallorum
487 1336 586 1372 duce
611 1335 846 1372 Virdomaro
871 1336 1002 1383 opima
1027 1336 1152 1382 spolia
1174 1338 1340 1375 rettulit.

116 1383 242 1420 Histri
254 1385 407 1421 subacti
417 1388 526 1421 sunt:
542 1385 638 1420 item
653 1384 789 1430 Illyrii,
804 1396 923 1431 quum
935 1383 1196 1429 rebellassent,
1208 1385 1346 1423 domiti

113 1432 153 1467 iu
171 1431 408 1469 deditionem
428 1436 629 1469 venerunt.
660 1433 844 1469 Lustrum
862 1445 886 1469 a
903 1432 1126 1469 censoribus
1143 1433 1344 1471 conditum

114 1484 186 1518 est.
206 1492 284 1527 quo
310 1492 426 1517 censa
447 1486 540 1517 sunt
566 1481 707 1517 civium
730 1481 861 1528 capita
896 1480 1065 1517 ducenta
1094 1482 1345 1528 septuaginta

113 1528 235 1564 millia
265 1528 433 1565 ducenta
460 1528 660 1565 tredecim.
717 1529 904 1566 Libertini
930 1529 971 1564 in
1004 1533 1190 1575 quattuor
1217 1530 1343 1567 tribus

114 1575 264 1612 redacti
283 1582 386 1621 sunt,
404 1589 522 1624 quum
539 1576 704 1623 dispersi
718 1589 788 1624 per
805 1588 939 1613 omnes
956 1581 1073 1613 antea
1088 1577 1263 1620 fuissent,
1274 1578 1342 1615 Es·

113 1624 300 1670 quilinam
319 1624 537 1661 Palatinam
557 1625 799 1662 Suburanam
819 1625 1022 1662 Collinam.
1068 1624 1110 1662 C.
1130 1625 1343 1663 Flaminius

113 1683 248 1708 censor
275 1673 378 1709 viam
407 1673 636 1709 Flaminiam
665 1674 830 1709 munivit
859 1678 900 1709 et
932 1673 1076 1709 circum
1107 1673 1340 1712 Flaminium

113 1721 327 1757 exstruxit.
382 1721 546 1758 Coloniae
565 1721 740 1758 deduetae
757 1722 796 1757 in
815 1733 909 1767 agro
926 1721 975 1759 de
987 1721 1108 1759 Gallis
1124 1726 1241 1770 <rapto
1258 1722 1339 1759 Pla-

113 1769 241 1805 centia
259 1776 299 1806 ct
318 1769 522 1807 Cremona.
