1649 2452
562 74 807 115 LIB.v11.
837 76 1009 114 28—30.
1377 75 1454 113 459

125 129 170 167 Δ.
188 129 227 162 C.
242 128 332 169 840.]

116 171 269 216 'citiam
290 171 336 215 in
354 172 607 229 perpetuum
629 170 832 214 auxilium
859 183 1044 228 praesens
1064 183 1090 213 a
1110 167 1228 213 vobis
1257 169 1451 226 petitum.

127 235 270 285 Quam
288 234 327 281 si
345 233 541 280 secundis
562 233 688 279 rebus
708 234 866 279 nostris
886 235 1157 293 petissemu8‚
1181 232 1293 278 sicut
1313 235 1450 290 coepta
1471 239 1494 275 2

127 298 303 346 celerius
342 298 405 345 ita
442 298 670 344 infirmiore
709 299 876 344 vinculo
917 301 1136 344 contracta
1174 302 1317 342 esset:
1348 300 1452 340 tunc

126 363 251 417 enim,
273 366 324 408 ut
344 363 417 422 qui
437 368 490 408 e'x
511 378 630 422 aequo
646 378 722 408 nos
746 363 909 408 venisse
928 363 974 407 in
993 362 1220 407 amicitiam
1240 361 1450 406 meminis-

127 443 280 482 semus,
313 427 436 473 amici
470 427 650 472 forsitan
684 428 842 486 pariter
872 443 921 472 ac
950 441 1075 482 nunc,
1106 425 1287 484 subjecti
1323 432 1452 484 atque

127 491 298 538 obnoxii
317 491 436 538 vobis
457 493 596 537 minus
617 507 804 537 essemus
823 508 832 536 ε
864 507 976 536 nunc
1005 490 1292 536 misericordia
1310 496 1453 535 vestra

128 556 338 603 conciliati
358 555 598 614 auxilioque
627 557 673 601 in
693 556 831 601 dubiis
862 555 988 601 rebus
1017 555 1180 601 defensi
1206 554 1453 600 beneficium

128 635 295 680 quoque
317 626 533 680 acceptum
553 620 738 665 colamus
754 625 935 678 oportet,
953 636 1009 666 ne
1028 620 1186 679 ingrati
1200 624 1327 677 atque
1343 618 1458 664 omui

129 701 208 744 ope
239 685 379 730 divina
407 685 671 743 humanaque
700 685 862 743 indigni
893 685 1120 730 videamur.
1181 684 1334 742 Neque
1362 684 1456 728 her·
1476 691 1498 728 3

130 749 237 802 cule,
268 749 380 808 quod
411 750 620 794 Samnites
653 751 814 808 priores
842 751 965 795 amici
994 749 1178 808 sociique
1207 748 1326 794 vobis
1356 749 1459 795 facti

131 822 245 868 sunt,
269 813 321 859 ad
342 813 387 859 id
411 814 548 859 valere
577 813 771 867 arbitror,
794 830 848 859 ne
875 830 952 859 nos
973 815 1018 859 in
1038 814 1263 860 amicitiam
1285 814 1457 872 accipia-

104 933 113 940 ·
131 895 237 933 mur,
260 878 335 924 sed
362 883 411 923 ut
440 883 653 923 vetustate
682 883 726 923 et
757 879 891 936 gradu
920 879 1089 923 honoris
1117 894 1194 924 nos
1227 884 1454 936 praestent:

131 959 268 1000 neque
289 944 398 988 enim
419 943 576 988 foedere
610 944 874 998 Samnitium,
899 959 952 988 ne
981 959 1062 1002 qua
1088 959 1197 988 nova
1220 943 1457 1002 jungeretis

132 1008 303 1061 foedera,
324 1013 496 1054 cautum
517 1011 597 1053 est.
658 1008 760 1054 Fuit
782 1009 951 1065 quidem
972 1008 1084 1066 apud
1104 1023 1179 1053 vos
1207 1023 1373 1066 semper
1394 1023 1456 1051 sa·
1476 1016 1500 1051 4

133 1073 190 1118 tis
212 1075 333 1130 justa
353 1088 479 1118 causa
500 1073 706 1127 amicitiae,
737 1073 842 1118 velle
873 1089 967 1118 eum
997 1073 1115 1117 vobis
1144 1072 1323 1117 amicum
1352 1087 1455 1124 esse,

134 1137 207 1195 qui
222 1152 297 1182 vos
319 1137 558 1194 adpeteret:
595 1138 939 1196 Campani—etsi
960 1137 1131 1182 fortuna
1145 1152 1328 1194 praesens
1345 1151 1459 1194 mag-

134 1201 255 1247 nifice
285 1201 400 1260 loqui
430 1201 767 1260 prohibet—non
796 1202 915 1247 urbis
947 1201 1220 1260 amplitudine
1251 1216 1336 1245 non
1367 1200 1460 1259 agri

135 1266 331 1311 ubertate
352 1265 428 1310 ulli
448 1265 603 1324 populo
632 1272 786 1324 praeter
814 1283 939 1325 quam
971 1267 1088 1312 vobis
1120 1265 1316 1310 cedentes
1346 1264 1459 1310 haud

136 1346 278 1390 parva,
301 1335 350 1376 ut
372 1330 564 1384 arbitror,
589 1332 771 1376 accessio
794 1331 913 1377 bonis
934 1331 1061 1377 rebus
1083 1331 1235 1375 vestris
1255 1330 1299 1375 in
1320 1330 1460 1375 amici-

135 1395 238 1439 tiam
258 1395 448 1440 venimus
469 1401 672 1440 vestram:
705 1397 858 1454 AEquis
886 1397 1142 1453 Vulscisque
1169 1395 1336 1440 aeternis
1364 1396 1460 1439 hos-

135 1459 251 1504 tibus
272 1459 398 1518 hujus
426 1459 556 1514 urbis,
580 1460 928 1519 quandocumque
957 1477 1001 1506 se
1022 1461 1242 1513 moverint,
1266 1460 1318 1504 ab
1338 1464 1460 1517 tergo

136 1524 305 1578 erimus,
328 1529 371 1569 et
399 1524 513 1582 quod
532 1540 608 1570 vos
636 1541 712 1584 pro
740 1526 876 1571 salute
901 1531 1048 1571 nostra
1075 1525 1234 1584 priores
1262 1525 1460 1577 feceritis,

136 1589 181 1634 id
207 1604 284 1634 uos
315 1604 392 1647 pro
422 1589 597 1648 imperio
627 1594 769 1635 vestro
800 1595 844 1636 et
873 1591 1008 1650 gloria
1037 1606 1202 1648 semper
1231 1590 1460 1634 faciemus:

139 1653 326 1700 subactis
346 1653 412 1698 hjs
439 1654 649 1712 gentibus,
673 1671 765 1714 quae
785 1656 897 1700 inter
924 1671 1002 1701 nos
1023 1671 1182 1713 vosque
1213 1659 1326 1709 sunt,
1347 1653 1460 1712 quod

138 1733 269 1778 prope
289 1717 398 1764 diem
421 1719 612 1763 futurum
635 1719 814 1777 spondet
835 1725 878 1765 ct
899 1721 1035 1765 virtus
1056 1725 1100 1765 et
1121 1721 1291 1765 fortuna
1306 1725 1458 1771 vestra,

139 1783 359 1829 continens
387 1783 609 1842 imperium
630 1799 764 1842 usque
791 1784 845 1829 ad
864 1800 941 1830 nos
966 1784 1187 1830 habebitis.
1248 1783 1458 1829 Acerbum
1478 1793 1500 1830 5

140 1863 188 1894 ac
207 1847 408 1893 miserum
437 1852 517 1902 est,
549 1848 662 1908 quod
682 1849 808 1894 fateri
836 1865 914 1894 nos
945 1849 1117 1893 fortuna
1145 1852 1292 1894 nostra
1319 1848 1461 1906 cogit:

140 1928 190 1959 eo
226 1919 401 1959 ventum
441 1916 521 1965 est,
561 1917 704 1971 patres
745 1915 985 1972 conscripti,
1026 1920 1076 1958 ut
1120 1918 1193 1958 aut
1235 1913 1463 1958 amicorum

141 1981 216 2023 aut
245 1977 509 2022 inimicorum
542 1977 745 2036 Campani
785 1978 946 2022 simus:
984 1978 1020 2022 si
1050 1977 1287 2033 defenditis,
1318 1978 1461 2031 vestri,

143 2044 181 2090 si
199 2043 404 2096 deseritis,
430 2043 679 2087 Samnitium
709 2043 891 2087 erimus:
929 2043 1115 2101 Capuam
1143 2059 1244 2102 ergo
1271 2046 1315 2088 et
1341 2043 1464 2088 Cam-

143 2107 309 2166 paniam
338 2122 503 2152 omnem
527 2107 680 2152 vestris
711 2123 766 2151 an
797 2107 1047 2153 Samnitium
1076 2107 1236 2153 viribus
1266 2108 1464 2153 accedere

146 2170 312 2225 malitis,
334 2169 574 2218 deliberate.
634 2171 841 2217 Omnibus
863 2171 1044 2230 quidem,
1061 2172 1258 2226 Romani,
1280 2179 1463 2218 vestram
1480 2180 1503 2219 6

147 2234 472 2285 misericordiam
491 2239 762 2298 vestrumque
789 2235 991 2285 auxilium
1017 2252 1184 2298 aequum
1209 2242 1276 2287 est
1303 2241 1460 2299 patere,
