1649 2452
547 101 656 144 LIB.
690 101 741 144 x.
773 104 839 152 27,
860 107 921 145 28.
1327 107 1404 147 635

85 155 127 189 A.
144 154 180 188 c.
198 153 288 196 ²⁹⁵4

82 197 178 243 dem
196 196 325 244 etiam
344 210 520 256 corpora
545 197 919 245 intolerantissima
945 199 1098 245 laboris
1126 202 1253 258 alque
1274 205 1403 246 aestus

81 262 212 309 fluere
230 262 447 322 primaque
473 277 618 307 eorum
646 263 792 322 proelia
818 264 913 323 plus
940 280 1063 324 quam
1088 265 1285 321 virorum,
1307 281 1405 324 pos-

79 329 216 373 trema
240 327 380 372 minus
408 342 532 386 quam
559 327 809 373 feminarum
835 344 952 374 esse:
985 329 1030 374 in
1057 329 1101 374 id
1128 333 1297 388 tempus
1325 331 1404 389 igi-

79 395 163 446 tur,
190 407 274 452 quo
301 391 412 437 vinci
442 391 603 437 solebat
637 393 784 448 hostis,
813 409 939 452 quam
970 394 1262 453 integerrimas
1291 395 1401 439 vires

78 455 203 501 militi
237 455 442 502 servabat.
504 456 702 501 Ferocior
733 457 892 502 Decius
930 461 973 503 et
1013 463 1139 503 aetate
1179 463 1223 503 et
1258 459 1399 517 vigore
1418 469 1441 506 3

78 521 206 566 animi
235 524 622 580 quantumcumque
649 521 801 567 virium
831 522 980 568 habuit
1008 523 1235 568 certamine
1269 525 1400 582 primo

77 584 251 630 effudit:
283 589 327 631 et
348 586 446 644 quia
464 585 618 630 lentior
637 586 860 632 videbatur
885 587 1091 646 pedestris
1113 603 1266 647 pugna,
1285 588 1402 648 equi-

75 652 216 695 tatum
242 650 288 696 in
313 665 497 709 pugnam
525 651 722 704 concitat,
746 657 788 696 et
814 652 902 710 ipse
932 652 1171 698 fortissimae
1195 653 1398 710 juvenum

75 717 228 761 turmae
256 715 473 760 immixtus
494 723 587 760 orat
617 731 810 773 proceres
826 717 1068 774 juventutis
1090 717 1134 762 in
1154 717 1319 762 hostem
1349 722 1399 763 ut

75 793 217 825 secum
243 779 448 838 impetum
477 779 645 833 faciant,
675 780 882 839 duplicem
910 781 1076 826 illorum
1104 781 1280 840 gloriam
1309 782 1399 828 fore

74 843 112 889 si
143 843 195 890 ab
225 844 330 889 laevo
362 859 494 890 cornu
528 848 571 889 et
601 844 654 890 ab
689 845 830 904 equite
863 846 1039 891 victoria
1073 846 1259 905 incipiat.
1320 847 1397 892 Bis
1417 857 1441 892 4-

74 914 264 954 avertere
298 909 500 954 Gallicum
537 909 796 968 equitatum:
838 910 992 956 iterum
1025 911 1192 970 longius
1228 916 1396 958 evectos

72 976 222 1032 etjam
256 974 368 1019 inter
406 973 543 1018 media
574 974 765 1032 equitum
806 976 974 1034 agmina
1009 976 1200 1033 proelium
1238 977 1397 1022 cientes

71 1052 225 1083 novum
258 1054 412 1097 pugnae
443 1039 675 1084 conterruit
705 1054 865 1098 genus:
897 1040 1055 1085 essedis
1087 1041 1299 1100 carrisque
1326 1058 1396 1086 su-

71 1107 265 1161 perstans
295 1106 482 1148 armatus
516 1103 652 1148 hostis
682 1103 847 1162 ingenti
876 1105 1019 1149 sonitu
1050 1120 1254 1164 equorum
1283 1111 1395 1150 rota-

71 1182 249 1227 rumque
289 1168 457 1213 advenit
493 1171 537 1212 et
575 1167 767 1213 insolitos
798 1172 890 1227 ejus
930 1169 1142 1214 tumultus
1182 1171 1395 1216 Romano-

69 1240 163 1271 rum
205 1227 438 1272 conterruit
473 1242 627 1285 equos:
669 1227 731 1271 ita
764 1227 966 1272 victorem
1007 1229 1241 1288 equitatum
1277 1231 1393 1274 velut

69 1290 351 1349 lymphaticus
378 1306 508 1351 pavor
535 1291 724 1350 dissipat,
754 1293 908 1337 sternit
935 1292 1032 1337 inde
1063 1298 1234 1338 mentes
1263 1309 1393 1353 equos

69 1355 266 1414 virosque
285 1355 519 1413 improvida
548 1356 674 1415 suga:
716 1357 889 1402 turbata
911 1356 1008 1403 hine
1036 1359 1162 1402 etiam
1191 1359 1312 1417 signa
1337 1359 1392 1404 le-

67 1420 244 1478 gionum
269 1421 475 1480 multique
495 1421 658 1478 impetu
681 1436 885 1480 equorum
906 1437 954 1468 ac
982 1423 1267 1468 vehiculorum
1297 1440 1392 1483 rap-

67 1489 207 1530 torum
243 1501 320 1544 per
354 1501 505 1544 agmen
543 1485 691 1530 obtriti
730 1487 1020 1545 antesignani:
1073 1493 1116 1532 et
1153 1489 1389 1548 insequuta,

67 1549 194 1594 simul
213 1550 385 1595 territos
406 1549 550 1594 hostes
571 1549 689 1603 vidit,
714 1550 874 1595 Gallica
894 1551 1002 1596 acies
1024 1552 1184 1596 nullum
1208 1554 1391 1610 spatium

66 1615 301 1673 respirandi
329 1613 640 1672 recipiendique
671 1630 715 1660 se
747 1615 876 1660 dedit.
938 1616 1183 1662 Vociferare
1218 1618 1387 1672 DeciuS‚
1408 1627 1430 1663 5

67 1694 151 1738 quo
178 1679 376 1738 fugerent
404 1694 582 1737 quamve
611 1679 653 1723 in
673 1679 775 1738 fuga
795 1695 912 1738 spem
945 1680 1162 1734 haberent,
1185 1681 1391 1728 obsistere

65 1743 313 1789 cedentibus
342 1759 390 1789 ac
416 1759 612 1789 revocare
636 1745 780 1789 fusos:
815 1743 977 1799 deinde,
1008 1750 1058 1791 ut
1087 1746 1201 1791 nulla
1228 1747 1270 1792 vi
1298 1763 1392 1806 per-

65 1809 205 1854 culsos
246 1809 455 1854 sustinere
499 1812 679 1867 poterat,
720 1813 881 1867 patrem
929 1810 979 1854 P.
1003 1811 1178 1856 Decium
1223 1813 1391 1858 nomine

65 1858 324 1931 compellan'
352 1878 379 1896 “
396 1873 510 1922 Quid
542 1873 656 1917 ultra
689 1875 857 1917 moror’'
892 1874 1028 1932 inquit
1060 1875 1302 1922 “familiare
1333 1878 1390 1921 fa-

65 1939 190 1983 tum?
222 1938 367 1982 datum
398 1939 477 1982 hoc
505 1943 651 1982 nostro
673 1939 816 1997 generi
837 1943 903 1983 cst
931 1945 980 1984 ut
1002 1939 1165 1985 luendis
1194 1942 1389 1999 periculis

62 2002 242 2061 publicis
264 2002 428 2061 piacula
457 2002 616 2047 simus:
642 2005 732 2059 jam
764 2019 843 2062 ego
866 2019 1028 2049 mecum
1053 2005 1239 2051 hostium
1259 2006 1388 2066 legio-

61 2081 140 2112 nes
170 2067 412 2113 mactandas
452 2067 611 2112 Telluri
641 2083 689 2112 ac
729 2067 808 2112 diis
839 2068 1032 2114 manibus
1068 2069 1218 2115 dabo.’'
1279 2072 1427 2117 Haecss

62 2133 266 2190 loquutus
295 2132 360 2176 Μ.
380 2131 550 2177 Livium
590 2132 844 2190 pontificem,
879 2149 1004 2192 quem
1045 2134 1302 2180 descendens
1342 2137 1387 2181 in

64 2196 193 2242 aciem
224 2196 389 2256 digredi
414 2200 610 2242 vetuerat
638 2195 690 2242 ab
717 2212 775 2252 se,
797 2198 944 2256 praeire
967 2199 1101 2255 jussit
1124 2199 1264 2255 verba,
1295 2201 1385 2260 qui-

63 2260 143 2309 bus
163 2276 210 2308 se
229 2261 498 2323 legionesque
517 2261 702 2307 hostium
734 2277 811 2323 pro
832 2263 1021 2310 exercitu
1040 2264 1184 2326 populi
1205 2265 1385 2313 Romani
