1649 2452
578 65 686 104 LIB.
718 65 818 104 VII.
850 67 914 112 27,
935 66 1002 104 28.
1367 66 1448 108 457

128 116 334 156 A.c.3⁴1.]

188 159 281 202 Hos
312 158 503 203 consules
540 158 710 216 sequuti
741 162 840 203 sunt
877 159 940 202 M.
964 157 1120 202 Fabius
1155 157 1325 201 Dorsuo
1356 158 1444 202 Ser.
1460 157 1568 213 (28)

129 221 338 279 Sulpicius
375 223 635 267 Camerinus.
696 225 944 268 Auruncum
981 221 1079 266 inde
1115 221 1270 266 bellum
1300 220 1352 266 ab
1383 229 1485 267 re-2

125 287 298 342 pentina
338 285 607 344 populatione
643 292 840 345 coeptum‚
875 290 1076 345 metuque
1110 301 1164 330 ne
1203 285 1247 330 id
1287 285 1450 332 factum

125 349 269 407 populi
303 350 441 403 unius,
475 350 696 395 'consilium
740 351 874 396 omnis
915 351 1095 396 nominis
1136 349 1283 395 Latini
1322 357 1448 406 esset,

125 412 307 458 dictator
335 415 452 459 velut
480 414 701 459 adversum
732 420 940 460 armatum
965 420 1054 473 jam
1084 414 1258 459 Latium
1288 415 1342 459 L.
1365 415 1450 460 Fu-

124 477 212 522 rius
242 482 410 524 creatus
439 479 688 537 magistrum
717 481 906 538 equitum
937 480 1014 525 Cn.
1037 479 1247 524 Manlium
1278 479 1450 538 Capito-

122 540 256 586 linum
278 542 410 587 dixit:
444 547 487 587 et
509 559 652 601 quum,
676 544 789 602 quod
816 560 891 603 per
917 559 1093 604 magnos
1121 543 1332 588 tumultus
1359 544 1450 589 fieri

125 605 297 651 solitum
327 610 430 660 erat,
450 607 620 666 justitio
648 608 807 653 indicto
836 608 1013 653 dilectus
1043 609 1133 653 sine
1160 608 1449 653 vacationibus

60 672 61 675 ’
123 669 293 716 habitus
334 675 460 724 esset,
502 671 689 730 legiones
730 676 934 731 quantum
974 672 1178 717 maturari
1223 673 1364 730 potuit
1404 673 1449 717 in

122 737 346 783 Auruncos
374 737 524 783 ductae.
585 739 655 783 Ibi
682 738 926 796 praedonum
953 739 1087 797 magis
1109 753 1234 797 quam
1261 739 1484 784 hostium3

123 801 250 847 animi
271 803 460 847 inventi:
491 803 624 860 prima
652 804 794 861 itaque
816 803 904 848 acie
925 802 1179 847 debellatum
1208 807 1286 848 est.
1348 804 1486 849 Dic-4

122 869 237 911 tator
270 872 425 922 tamen,
458 868 556 926 quia
592 872 636 912 et
671 867 785 911 ultro
819 866 976 912 bellum
1012 867 1243 912 intulerant
1279 873 1323 912 et
1358 869 1447 913 sine

122 930 426 976 detractatione
462 947 506 976 se
542 932 761 976 certamini
791 931 1036 983 offerebant,
1068 931 1241 976 deorum
1278 948 1445 991 quoque

119 1009 220 1053 opes
241 994 496 1039 adhibendas
524 999 644 1038 ratus
673 995 784 1038 inter
811 995 945 1052 ipsam
974 995 1285 1040 dimicationem
1314 997 1446 1041 aedem

119 1059 279 1104 Junoni
306 1060 492 1103 Monetae
520 1058 650 1112 vovit,
680 1060 803 1115 cujus
831 1058 1054 1103 damnatus
1084 1061 1173 1104 voti
1202 1076 1328 1118 quum
1360 1061 1446 1106 vic-

118 1126 188 1168 tor
207 1124 386 1169 Romam
408 1123 663 1176 revertisset‚
687 1122 898 1167 dictatura
919 1139 963 1167 se
985 1122 1207 1169 abdicavit.
1264 1125 1444 1171 Senatus
1457 1133 1481 1170 5

119 1187 362 1233 duumviros
398 1187 451 1231 ad
484 1202 576 1232 eam
607 1186 739 1232 aedem
770 1202 846 1244 pro
877 1187 1151 1245 amplitudine
1182 1189 1327 1248 populi
1357 1190 1445 1235 Ro-

118 1252 232 1297 mani
261 1251 491 1297 faciendam
523 1251 657 1296 creari
677 1251 822 1308 jussit,
852 1251 970 1296 locus
998 1252 1042 1296 iu
1069 1267 1164 1297 arce
1194 1252 1443 1307 destinatus,

118 1332 212 1374 quae
233 1332 329 1361 area
348 1315 502 1361 aedium
522 1316 586 1360 M.
604 1315 756 1360 Manlii
777 1315 1004 1374 Capitolini
1025 1316 1175 1362 fuerat.
1239 1317 1442 1362 Consules
1456 1325 1480 1362 6

120 1380 338 1426 dictatoris
369 1380 560 1426 exercitu
589 1379 643 1424 ad
671 1379 828 1425 bellum
863 1380 1071 1425 Vulscum
1103 1381 1172 1425 usi
1209 1381 1356 1425 Soram
1391 1397 1444 1426 ex

117 1444 312 1491 hostibus
348 1446 540 1490 incautos
577 1445 716 1490 adorti
755 1449 974 1503 ceperunt.
1034 1448 1160 1490 Anno
1190 1450 1288 1505 post
1319 1454 1480 1505 quam7

117 1515 218 1554 vota
256 1514 347 1555 erat
383 1509 492 1554 aedes
527 1510 716 1554 Monetae
757 1509 975 1554 dedicatur
1016 1509 1067 1554 C.
1088 1510 1252 1555 Marcio
1292 1510 1442 1556 Rutilo

116 1575 291 1619 tertium
327 1574 373 1618 T.
396 1574 558 1618 Manlio
588 1574 803 1633 Torquato
833 1575 989 1619 iterum
1019 1574 1275 1620 consulibus.
1338 1575 1477 1619 Pro-8

118 1639 278 1698 digium
299 1639 510 1696 extemplo
539 1638 844 1683 dedicationem
866 1644 1094 1698 sequutum
1115 1639 1248 1684 simile
1270 1642 1441 1684 vetusto

115 1704 271 1749 montis
300 1703 455 1748 Albani
486 1702 702 1761 prodigio:
735 1719 914 1761 namque
945 1708 988 1748 et
1020 1703 1228 1761 lapidibus
1259 1704 1367 1762 pluit
1396 1708 1440 1749 et

113 1783 197 1813 nox
237 1767 426 1813 interdiu
459 1768 550 1812 visa
588 1767 775 1812 intendi:
827 1767 1027 1826 librisque
1068 1768 1268 1826 inspectis
1310 1784 1440 1826 quum

113 1832 237 1891 plena
256 1832 457 1891 religione
486 1833 635 1877 civitas
663 1835 789 1886 esset,
811 1833 976 1876 senatui
1004 1831 1163 1890 placuit
1191 1831 1438 1877 dictatorern

113 1898 311 1942 feriarum
332 1895 724 1941 constituendarum
744 1911 871 1940 causa
897 1895 992 1940 dici.
1053 1896 1210 1941 Dictus
1237 1896 1288 1941 P.
1312 1897 1437 1942 Vale-
1452 1905 1476 1943 9

114 1962 201 2007 rius
228 1961 456 2014 Publicola,
479 1961 682 2019 magister
710 1961 900 2018 equitum
928 1961 968 2005 ei
996 1960 1051 2009 Q.
1072 1960 1228 2006 Fabius
1256 1961 1439 2007 Ambus·

113 2030 185 2071 tus
224 2025 348 2070 datus
388 2029 466 2070 est.
525 2025 628 2070 Non
667 2024 804 2069 tribus
844 2028 1012 2069 tantum
1053 2025 1336 2084 supplicatum
1375 2027 1499 2072 irelo

113 2089 270 2148 placuit
305 2089 379 2134 sed
413 2089 613 2134 finitimos
649 2089 775 2134 etiam
811 2088 1000 2147 populos,
1035 2089 1221 2149 ordoque
1256 2091 1320 2145 iis,
1353 2107 1437 2150 quo

114 2154 291 2213 quisque
330 2153 398 2199 die
437 2153 734 2212 supplicarent,
769 2156 972 2198 statutus.
1030 2153 1198 2200 Judicia
1237 2169 1287 2200 eo
1327 2170 1436 2200 anno
1452 2163 1496 2201 11

115 2217 259 2275 populi
290 2217 434 2264 tristia
463 2217 510 2264 in
537 2218 795 2264 feneratores
824 2217 950 2275 facta,
980 2217 1132 2278 quibus
1163 2219 1217 2266 ab
1245 2218 1437 2266 aedilibus
