1649 2452
576 70 686 110 LIB.
718 70 770 109 Χ.
800 72 864 118 37,
888 73 950 110 38.
1348 72 1426 110 649

112 122 415 210 ‹iia‘i'iiiiiderat
475 165 587 210 Tum
626 165 837 210 exercitus
877 164 1012 209 omnis
1051 163 1321 223 Aquiloniam
1360 167 1427 209 est
1444 171 1468 207 3

110 229 318 274 indictus:
352 228 406 273 ad
437 229 716 288 quadraginta
747 229 875 273 millia
904 228 1100 280 militum,
1126 228 1240 287 quod
1265 229 1428 275 roboris

41 347 51 356 „
110 293 152 338 in
183 294 352 338 Samnio
382 298 485 347 erat,
518 298 817 339 convenerunt.
878 293 948 338 Ibi
977 292 1127 338 mediis
1158 293 1246 338 fere
1277 294 1470 338 castrii-‚4

109 357 225 402 locus
252 361 319 403 est
349 362 588 416 consaeptus
619 358 805 404 cratibus
836 357 1074 416 pluteisque
1103 361 1147 402 et
1167 357 1309 402 linteis
1330 373 1429 402 con-

28 421 30 423 ’
110 426 261 477 tecm,
281 426 430 480 patens
453 421 658 467 ducentos
680 423 859 467 maxime
886 421 1014 480 pedes
1041 422 1086 466 in
1106 437 1250 467 omnes
1271 422 1429 480 pariter

109 490 281 544 partes:
323 486 382 531 ibi
421 502 475 531 cx
513 486 621 532 libro
656 492 798 532 vetere
833 486 964 531 linteo
1003 485 1114 531 lecto
1149 486 1428 532 sacrificatum

109 551 325 596 sacerdote
346 551 454 596 Ovio
476 552 628 597 Paccio
650 552 832 610 quodam
856 551 1023 596 homine
1043 566 1196 609 magno
1216 556 1332 605 natu,
1356 551 1429 609 qui

109 631 153 660 se
180 615 224 660 id
251 631 416 661 sacrum
445 622 590 674 petere
621 616 866 661 adfirmabat
897 632 950 661 ex
975 620 1146 661 vetusta
1177 616 1429 661 Samnitium

108 679 322 739 religione,
357 696 442 737 qua
473 680 682 738 quondam
722 681 790 726 usi
829 684 1008 738 majores
1049 695 1195 725 eorum
1233 681 1428 736 fuissent,

109 759 236 800 quum
259 743 487 789 adimendae
503 745 698 790 Etruscis
721 746 876 802 Capuae
891 744 1197 790 clandestinum
1218 745 1428 803 cepissent

108 808 340 853 consilium.
404 809 615 854 Sacrificio
646 810 834 867 perfecto
860 825 935 868 per
967 810 1171 854 viatorem
1201 809 1468 867 imperator5

109 873 235 918 acciri
252 872 430 930 jubebat
449 873 754 918 nobilissimum
783 889 991 932 quemque
1018 889 1173 932 genere
1193 873 1426 932 factisque:

109 937 263 996 singuli
302 937 706 983 introducebantur:
753 942 844 983 erat
884 954 1014 997 quum
1054 937 1160 982 alius
1200 943 1427 996 apparatus

109 1002 217 1047 sacri
247 1001 320 1061 qui
348 1001 600 1061 perfundere
630 1002 831 1060 religione
862 1003 1046 1047 animum
1077 1008 1234 1061 posset,
1261 1007 1354 1047 tum
1383 1002 1429 1047 in

108 1067 199 1112 loco
219 1067 330 1112 circa
349 1067 463 1111 omni
483 1071 679 1112 contecto
700 1083 782 1113 arae
802 1068 847 1112 in
870 1067 1007 1112 medio
1034 1067 1297 1125 victimaeque
1318 1067 1430 1112 circa

108 1146 225 1177 eaesae
245 1135 289 1176 et
316 1131 637 1177 circumstantes
664 1133 932 1177 centuriones
959 1132 1120 1177 strictis
1140 1131 1318 1191 gladiis:
1351 1131 1426 1176 ad-

108 1195 355 1242 movebatur
387 1195 589 1241 altaribus
624 1197 758 1256 magis
788 1201 838 1242 ut
869 1196 1040 1242 victima
1075 1212 1201 1255 quam
1234 1201 1285 1241 ut
1320 1196 1429 1241 sacri

107 1261 329 1319 particepS,
350 1260 680 1320 adigebaturque
704 1262 799 1320 jure
816 1261 1009 1320 jurando,
1033 1277 1125 1320 quae
1153 1261 1245 1306 visa
1264 1261 1429 1306 audita-

108 1341 188 1384 que
208 1325 253 1370 in
273 1341 323 1370 eo
350 1325 442 1370 loco
469 1337 623 1381 essent,
643 1342 729 1370 non
756 1327 1104 1371 enuntiatarum:
1134 1326 1277 1384 jurare
1304 1341 1429 1384 coge-

107 1389 210 1435 bant
250 1389 341 1435 diro
381 1389 561 1448 quodam
601 1391 783 1435 carmine
822 1391 868 1435 in
907 1390 1237 1435 exsecrationem
1276 1390 1428 1448 capitis

107 1454 356 1513 familiaeque
386 1458 431 1499 et
461 1454 605 1512 stirpis
636 1455 883 1513 composito,
913 1454 996 1499 nisi
1025 1455 1130 1499 isset
1161 1454 1205 1498 in
1234 1454 1429 1512 proelium

108 1535 191 1578 quo
220 1520 494 1577 imperatores
525 1518 757 1572 duxissent,
791 1524 834 1564 ct
865 1519 902 1564 si
931 1524 1006 1563 aut
1036 1519 1125 1576 ipse
1157 1534 1210 1563 ex
1244 1519 1332 1563 acie
1362 1519 1429 1563 su-

107 1585 240 1643 gisset
271 1588 345 1628 aut
375 1584 423 1637 si,
457 1599 582 1642 quem
616 1583 848 1642 fugientem
880 1583 1069 1636 vidisset,
1102 1598 1188 1627 non
1215 1583 1427 1641 extemplo

107 1648 342 1694 occidisset.
404 1647 460 1692 Id
488 1648 623 1706 primo
655 1647 823 1706 quidam
855 1647 1088 1693 abnuentes
1124 1647 1341 1705 juraturos
1381 1663 1427 1693 sc
1447 1653 1471 1691 6

107 1712 350 1757 obtruncati
369 1712 480 1757 circa
500 1712 649 1757 altaria
669 1717 784 1765 sunt,
803 1712 993 1770 jacentes
1021 1711 1171 1756 deinde
1191 1712 1303 1757 inter
1322 1721 1427 1756 stra-

107 1793 203 1835 gem
225 1776 487 1821 victimarum
511 1775 763 1821 documento
785 1776 947 1821 caeteris
967 1775 1086 1820 fuere
1106 1791 1159 1820 ne
1181 1775 1425 1821 abnuerent.

107 1827 369 1886 Primoribls
392 1840 644 1885 samnitium
666 1857 715 1886 ea
735 1840 1019 1886 detestatione
1047 1839 1263 1885 obstrictis
1285 1841 1427 1886 decem
1444 1848 1466 1888 7

107 1905 312 1950 nominati
332 1908 433 1950 sunt
454 1905 506 1950 ab
534 1905 810 1963 imperatore:
842 1905 903 1950 eis
931 1904 1105 1959 dictum,
1127 1908 1177 1950 ut
1206 1905 1272 1949 vir
1290 1905 1429 1949 virum

108 1969 297 2029 legerent
319 1969 451 2015 donec
471 1969 653 2014 sedecim
678 1969 853 2014 millium
881 1985 1104 2014 numerum
1134 1969 1428 2014 confecissent.

108 2037 173 2082 Ea
192 2036 302 2095 legio
322 2036 498 2081 linteata
518 2035 570 2081 ab
599 2037 894 2094 integumento
923 2036 1139 2094 consaepti,
1160 2051 1244 2094 quo
1264 2040 1429 2081 sacrata
1447 2038 1470 2076 8

108 2101 305 2153 nobilitas
326 2105 429 2157 erat,
451 2099 659 2159 appellata
684 2105 779 2145 est:
811 2100 877 2144 his
905 2115 1022 2144 arma
1051 2100 1234 2157 insignia
1258 2100 1358 2145 data
1384 2103 1428 2145 et

109 2166 294 2211 cristatae
313 2165 442 2224 galeae
463 2171 512 2210 ut
532 2165 644 2210 inter
668 2169 842 2210 caeteros
871 2165 1116 2210 eminerent.
1177 2165 1312 2210 Paulo
1333 2164 1428 2222 plus
1445 2169 1469 2207 9

110 2230 263 2289 viginti
281 2230 457 2275 millium
479 2229 585 2275 alius
607 2230 818 2276 exercitus
838 2229 921 2275 fuit
940 2244 1019 2276 nec
1046 2244 1269 2289 corporum
1288 2228 1428 2288 specie
