1649 2452
250 93 328 130 422
572 91 618 130 T.
648 90 799 129 LIVII
830 88 1248 130 HISTORIARUM
1367 144 1410 184 [A
1441 144 1466 175 c
1493 143 1555 177 364

250 200 340 238 nos,
356 186 569 243 tamquam
586 185 674 241 jam
693 184 798 229 nihil
812 199 914 242 pace
931 184 1103 230 deorum
1124 201 1230 244 opus
1252 185 1320 241 sit,
1335 201 1478 230 omnes
1494 201 1569 230 666-

210 254 236 291 4
250 249 447 294 rimonias
468 249 706 307 polluimus.
766 249 910 308 Vulgo
931 265 1031 308 ergo
1051 251 1270 308 pontifices
1299 266 1480 309 augures
1502 266 1568 294 sa-

249 314 424 359 crificuli
439 330 560 372 reges
578 317 785 369 creentur,
799 313 970 359 cuilibet
986 315 1146 372 apicem
1165 315 1327 368 dialem,
1345 314 1570 359 dummodo

247 378 372 423 homo
399 379 468 434 sit,
488 379 763 437 imponamus,
790 377 1005 424 tradamus
1034 379 1183 424 ancilia
1208 378 1440 438 penetralia
1467 378 1568 424 deos

248 442 504 502 deorumque
525 459 669 488 curam
684 442 836 500 quibus
856 443 974 488 nefas
991 447 1077 488 est:
1105 459 1194 488 non
1213 444 1328 502 leges
1351 443 1569 501 auspicato

245 507 449 561 ferantur,
471 523 557 552 non
576 507 850 566 magistratus
878 512 1085 561 creentur,
1106 524 1185 553 nec
1213 507 1461 553 centuriatis
1490 522 1570 552 nec

245 572 418 617 curiatis
440 572 619 617 comitiis
641 574 783 629 patres
810 575 1003 617 auctores
1023 573 1151 617 fiant:
1184 573 1355 617 Sextius
1384 579 1429 617 et
1455 571 1569 617 Lici·

243 636 340 680 nius
360 639 573 695 tamquam
596 635 803 681 Romulus
832 651 880 681 ac
900 636 1047 681 Tatius
1068 637 1113 681 in
1132 636 1237 681 urbe
1257 637 1453 681 Romana
1473 651 1569 693 reg·

206 708 230 745 5
243 705 359 754 nent,
379 701 477 759 quia
491 700 688 758 pecunias
706 700 860 744 alienas
882 700 980 759 quia
995 716 1117 760 agros
1139 700 1248 745 dono
1262 700 1380 745 dant.
1431 701 1569 745 Tanta

245 764 421 810 dulcedo
449 769 514 810 est
545 780 599 809 ex
629 764 773 809 alienis
804 765 986 809 fortunis
1017 764 1245 823 praedandi,
1274 780 1353 810 nec
1379 764 1424 809 in
1452 779 1568 809 men-

243 833 330 874 tem
357 829 487 884 venit,
521 829 654 873 altera
681 828 776 887 lege
807 828 1056 874 solitudines
1086 833 1227 874 vastas
1258 829 1304 873 in
1335 829 1447 886 agris
1476 828 1569 874 fieri

242 893 434 951 pellendo
474 893 628 938 finibus
669 892 871 949 dominos,
905 893 1037 938 altera
1069 893 1194 938 fidem
1230 893 1436 952 abrogari,
1471 907 1568 938 cum

202 965 226 1002 6
244 973 328 1017 qua
356 958 490 1003 omnis
526 958 709 1002 humana
744 958 922 1003 societas
957 958 1134 1003 tollitur.
1196 958 1394 1002 Omnium
1425 972 1567 1002 rerum

243 1037 370 1068 causa
388 1022 507 1067 vobis
537 1021 814 1080 antiquandas
841 1037 992 1068 censeo
1018 1023 1124 1068 istas
1153 1022 1422 1080 rogationes:
1453 1020 1565 1080 quod

241 1087 398 1140 faxitis,
423 1086 523 1131 deos
543 1086 669 1131 velim
689 1086 949 1132 fortunare.''

121 1149 227 1209 (42)
301 1151 449 1196 Oratio
469 1151 599 1209 Appii
619 1150 673 1195 ad
691 1150 736 1195 id
755 1151 878 1196 modo
899 1151 1031 1196 valuit
1046 1154 1096 1196 ut
1116 1154 1283 1210 tempus
1298 1150 1567 1209 rogationum

200 1227 223 1263 2
234 1215 521 1273 jubendarum
551 1215 826 1274 proferretur.
887 1215 1061 1261 Refecti
1097 1215 1303 1261 decimum
1337 1215 1461 1260 iidem
1493 1215 1567 1259 tri-

238 1279 343 1325 buni
379 1280 549 1325 Sextius
586 1283 630 1325 et
664 1280 854 1325 Licinius
891 1281 942 1325 de
978 1280 1222 1326 decemviris
1264 1295 1478 1324 sacrorum
1513 1294 1566 1324 ex

236 1350 358 1404 parte
378 1345 430 1391 de
450 1346 572 1405 plebe
593 1346 781 1391 creandis
802 1346 939 1405 legem
960 1347 1196 1404 pertulere:
1230 1345 1360 1391 creati
1381 1345 1566 1404 quinque

235 1414 405 1468 patrum
437 1411 621 1470 quinque
653 1411 799 1469 plebis,
832 1411 1049 1470 graduque
1080 1427 1129 1456 eo
1156 1411 1242 1469 jam
1273 1411 1342 1455 via
1369 1410 1483 1454 facta
1511 1409 1566 1455 ad

197 1484 220 1520 3
238 1476 503 1521 consulatum
543 1476 778 1521 videbatur.
840 1476 938 1521 Hac
970 1476 1150 1521 victoria
1184 1477 1385 1520 contenta
1420 1474 1564 1532 plebes

237 1541 364 1585 cessit
404 1540 608 1599 patribus,
651 1544 701 1585 ut
740 1541 786 1585 in
824 1541 1050 1599 praesentia
1089 1540 1310 1585 consulum
1350 1539 1565 1584 mentione

236 1607 392 1651 omissa
425 1606 586 1651 tribuni
625 1605 807 1650 militum
848 1609 1118 1651 crearentur:
1170 1605 1301 1651 creati
1339 1605 1391 1649 A.
1414 1608 1458 1649 et
1497 1605 1563 1656 Μ,

237 1671 422 1716 Cornelii
455 1672 610 1716 iterum
650 1671 714 1716 M.
739 1670 952 1729 Geganius
988 1671 1037 1715 P.
1061 1670 1248 1715 Manlius
1282 1669 1334 1714 L.
1357 1669 1564 1715 Veturius

194 1744 220 1781 4
236 1736 285 1780 P.
312 1735 505 1781 Valerius
541 1738 721 1780 sextum.
783 1735 928 1784 Quum
964 1739 1118 1794 praeter
1152 1734 1412 1779 Velitrarum
1452 1735 1564 1780 obsi-

236 1800 573 1845 dionem—tardi
602 1800 736 1859 magis
772 1815 862 1845 rem
897 1800 1037 1845 exitus
1074 1815 1199 1859 quam
1235 1798 1563 1857 dubii—quietae

235 1868 421 1910 extemae
449 1881 516 1910 res
547 1865 752 1910 Romanis
783 1867 937 1918 essent,
970 1865 1082 1909 fama
1110 1879 1259 1923 repens
1286 1862 1385 1908 belli
1415 1864 1564 1910 Gallici

236 1929 375 1974 adlata
395 1929 579 1988 perpulit
599 1930 815 1974 civitatem
834 1933 884 1974 ut
904 1929 968 1974 M.
990 1929 1146 1974 Furius
1168 1928 1350 1973 dictator
1365 1929 1562 1987 quintum

236 1994 464 2040 diceretur:
497 1995 533 2039 is
554 1994 602 2039 Τ.
621 1995 871 2043 Quinctium
887 1995 1080 2039 Pennum
1100 1993 1349 2052 magistrum
1370 1993 1562 2052 equitum

197 2069 220 2104 5
237 2060 356 2105 dixit.
418 2061 630 2105 Bellatum
671 2076 767 2106 cum
804 2060 933 2105 Gallis
970 2075 1020 2105 eo
1057 2074 1165 2104 anno
1205 2059 1316 2104 circa
1354 2059 1562 2106 Anienem

235 2126 394 2170 flumen
420 2129 566 2170 auctor
594 2128 660 2171 cst
688 2125 903 2178 Claudius,
931 2125 1202 2183 inclitamque
1229 2123 1274 2168 in
1301 2127 1430 2182 ponte
1456 2141 1561 2183 pug-

235 2206 345 2245 nam,
367 2206 450 2249 qua
468 2190 515 2235 T.
528 2190 716 2235 Manlius
731 2190 912 2245 Gallum,
925 2205 1020 2235 cum
1043 2205 1125 2248 quo
1142 2194 1394 2247 provocatus
1409 2205 1559 2236 manus

235 2256 462 2315 conseruit,
486 2255 534 2302 in
559 2258 790 2316 conspectu
815 2254 994 2302 duorum
1013 2253 1276 2302 exercituum
1299 2267 1454 2302 caenum
1473 2258 1558 2304 tor·
