1649 2452
545 58 659 98 LIB.
688 57 763 98 VI.
795 59 858 105 11,
883 60 943 97 12.
1344 62 1423 100 388

97 110 144 144 Δ.
160 111 197 143 0.
213 110 305 152 aaz]

101 152 304 198 miraculo
341 147 439 208 fuit,
473 151 587 197 unde
625 153 784 198 totiens
824 152 949 198 victis
983 151 1155 197 Vulscis
1191 154 1236 197 et
1271 153 1423 211 AEquis

97 216 342 262 suffecerint
376 216 545 261 milites.
607 216 735 266 Quod
771 232 900 276 quum
932 216 984 261 ab
1020 216 1206 274 antiquis
1240 218 1420 262 tacitum
1435 228 1458 265 3

98 280 517 340 praetermissumque
538 280 607 334 sit,
630 281 753 339 cujus
774 280 944 326 tandem
965 295 1045 339 ego
1065 281 1126 325 rei
1153 284 1308 338 praeter
1335 282 1424 340 opi-

94 345 276 401 nionem,
299 360 392 404 quae
412 360 490 390 sua
509 346 660 404 cuique
688 346 946 403 conjectant-i
973 360 1066 391 esse
1094 350 1249 402 potest,
1276 352 1424 390 auctor

94 409 207 454 sim?
238 409 373 454 simile
412 408 502 455 veri
541 414 620 463 est,
658 415 733 454 aut
773 410 1004 455 intervallis
1045 409 1422 456 bellorum—sicut

92 487 206 519 nunc
235 475 281 518 in
310 473 533 519 dilectibus
562 474 610 518 fit
641 474 987 519 Romanis—alia
1013 482 1141 532 atque
1170 474 1251 518 alia
1278 474 1423 519 subole

89 538 306 597 juniorum
341 537 394 582 ad
429 537 538 583 bella
572 538 848 583 instauranda
882 539 1041 583 totiens
1076 553 1176 582 usos
1208 554 1314 591 esse,
1349 544 1423 584 aut

91 617 178 647 non
196 617 250 647 ex
275 601 410 647 isdem
435 618 601 661 semper
625 603 791 661 populis
820 603 1031 648 exercitus
1061 603 1254 660 scriptos,
1279 617 1423 661 quam-

93 681 217 725 quam
238 664 383 710 eadem
404 681 570 724 semper
589 682 694 726 gens
723 666 878 711 bellum
905 667 1109 721 intulerit,
1131 671 1205 711 aut
1232 667 1424 712 innume-

91 729 265 775 rabilem
295 729 611 775 multitudinem
645 730 872 775 liberorum
905 731 1090 788 capitum
1121 729 1165 774 in
1195 731 1255 775 eis
1291 731 1422 776 fuisse

91 794 207 847 10013,
241 809 334 853 quae
368 809 482 839 nunc
516 795 588 839 vix
618 794 841 839 seminario
872 795 1028 853 exiguo
1058 795 1240 839 militum
1271 795 1421 840 relicto

91 859 264 904 servitia
285 859 477 903 Romana
497 858 549 903 ab
570 857 798 903 solitudine
818 859 1046 904 vindicant.
1108 859 1267 917 Ingens
1288 864 1419 915 certe,
1435 875 1461 910 4

92 922 206 981 quod
226 923 338 967 iuter
358 937 502 967 omnes
524 927 718 967 auctores
747 924 981 968 conveniat.
1044 924 1312 982 Quamquam
1341 939 1457 968 nu-1·
1435 953 1457 976 o

93 1002 167 1045 per
188 986 353 1031 Camilli
374 986 506 1032 ductu
527 992 655 1045 atque
677 987 864 1044 auspicio
889 988 1035 1032 accisae
1062 1003 1130 1032 res
1158 997 1292 1044 erant,
1314 989 1420 1033 Vul-

92 1066 260 1096 scotum
295 1052 507 1096 exercitus
537 1052 646 1096 fuit:
679 1051 734 1096 ad
767 1051 848 1097 1100
882 1052 1029 1097 Latini
1059 1053 1322 1111 Hernicique
1353 1068 1420 1098 ac-

92 1120 306 1160 cesserant
345 1119 389 1160 et
430 1115 751 1161 Circeiensium·
770 1116 939 1175 quidam
977 1123 1020 1161 et
1056 1117 1192 1161 coloni
1232 1117 1358 1162 etiam
1396 1133 1420 1162 a

93 1180 269 1225 Velitris
300 1180 495 1225 Romani.
557 1181 755 1226 Dictator
783 1181 933 1225 castris
961 1195 1011 1225 eo
1043 1180 1110 1226 die
1142 1182 1290 1239 positis
1322 1197 1456 1240 pos-6

94 1248 199 1299 tero,
221 1260 353 1303 quum
386 1246 604 1303 auspicato
638 1245 854 1303 prodisset
885 1247 1107 1304 hostiaque
1138 1261 1246 1291 caesa
1275 1261 1419 1304 pacem

93 1308 218 1354 (leiim
239 1308 467 1363 adorasset,
490 1310 613 1355 laetus
634 1311 687 1354 ad
714 1309 869 1354 milites
894 1311 981 1368 jam
1007 1325 1122 1354 arma
1150 1310 1203 1354 ad
1231 1311 1420 1369 proposi-

94 1379 186 1417 tum
221 1389 375 1433 pugnae
415 1375 595 1433 signum,
633 1374 743 1419 sicut
784 1374 969 1419 edictum
1011 1371 1114 1428 erat,
1151 1375 1246 1419 luce
1286 1376 1456 1433 prima7

93 1437 306 1496 capientes
329 1439 559 1497 processit:
595 1438 798 1483 “Nostra
826 1439 1005 1484 victoria
1032 1444 1110 1492 est,
1138 1439 1334 1495 milites,”
1360 1440 1419 1484 in-

94 1501 198 1560 quit,
236 1502 310 1547 “si
344 1502 444 1561 quid
479 1503 522 1548 di
553 1507 725 1548 vatesve
760 1518 904 1548 eorum
941 1504 987 1548 in
1017 1504 1212 1548 futurum
1247 1503 1423 1549 vident:

94 1566 249 1625 itaque,
282 1571 332 1611 ut
365 1567 486 1612 decet
521 1572 646 1613 certae
681 1568 772 1626 spei
803 1568 949 1627 plenos
983 1572 1026 1613 et
1060 1583 1156 1613 cum
1190 1568 1420 1626 imparibus

94 1646 242 1675 manus
263 1636 544 1686 conserturos,
567 1632 661 1690 pilis
690 1637 789 1677 ante
815 1632 943 1691 pedes
971 1633 1120 1691 positis
1148 1633 1298 1691 gladiis
1327 1638 1420 1678 tan-

96 1699 187 1740 tum
221 1695 392 1740 dextras
429 1711 652 1742 armemus.
713 1697 783 1741 Ne
818 1698 1008 1756 procurri
1042 1697 1211 1755 quidem
1244 1697 1296 1742 ab
1332 1699 1457 1748 acies

95 1759 231 1813 velim,
252 1760 327 1805 sed
355 1760 531 1806 obnixos
559 1777 636 1806 vos
664 1761 805 1806 stabili
836 1761 971 1821 gradu
998 1762 1203 1820 impetum
1232 1762 1420 1807 hostium

94 1824 312 1883 excipere:
343 1825 418 1870 ubi
437 1826 498 1870 illi
518 1841 626 1870 vana
644 1826 867 1884 injecerint
888 1826 1061 1870 missilia
1081 1831 1125 1870 et
1154 1827 1276 1871 effusi
1304 1831 1421 1871 stan-

95 1888 209 1934 tibus
229 1889 348 1934 vobis
369 1905 415 1934 se
436 1891 670 1944 intulerint,
693 1896 784 1934 tum
814 1891 970 1935 micent
991 1890 1120 1949 gladii
1141 1896 1185 1935 et
1212 1891 1354 1936 veniat
1375 1893 1420 1936 111

95 1957 278 1998 mentem
299 1954 375 1999 uni
394 1955 559 2014 cuique,
583 1954 683 1999 deos
706 1970 798 1999 0330
829 1955 902 2013 qui
931 1955 1170 1999 Romanum
1199 1955 1415 2014 adjuvent,

95 2017 196 2062 deos
217 2018 290 2077 qui
309 2018 506 2064 secundis
528 2019 675 2064 avibus
703 2019 748 2063 in
778 2018 972 2078 proelium
1000 2019 1204 2067 miserint.
1266 2020 1346 2073 Tu,
1367 2021 1415 2065 T.
1431 2034 1453 2071 9

95 2082 261 2139 Quinti,
282 2083 469 2141 equitem
489 2084 681 2130 intentus
709 2084 762 2128 ad
791 2085 973 2142 primum
1000 2084 1168 2129 initium
1195 2087 1302 2130 moti
1331 2101 1417 2130 cer-

94 2147 265 2193 taminis
292 2152 467 2194 teneas:
499 2149 574 2194 ubi
604 2151 761 2194 haerere
787 2152 877 2207 jam
905 2149 1035 2195 aciem
1056 2150 1209 2195 collato
1230 2150 1336 2209 pede
1356 2151 1418 2196 vi-

95 2211 221 2280 deri&
250 2216 346 2269 tum
373 2216 580 2270 terrorem
614 2218 855 2284 equestrem
889 2215 1106 2275 occupatis
1142 2214 1224 2262 alio
1261 2230 1416 2275 pavore
