1649 2452
577 61 693 103 LIB.
728 61 824 101 v11.
856 64 917 108 31,
942 64 1004 103 ³2.
1370 64 1448 102 463

130 113 332 154 meua]

126 153 317 199 mulabat
345 154 410 199 ira
439 155 527 199 tam
556 157 773 213 promptos
807 169 920 200 nune
955 153 1009 199 ad
1042 152 1215 200 ferenda
1247 168 1361 201 nune
1395 157 1448 202 ad

127 217 377 264 accersenda
396 218 595 264 adversus
616 234 662 264 se
678 219 843 264 auxilia.
895 220 960 265 Ut
979 233 1080 264 vero
1101 222 1241 264 castra
1254 220 1447 266 Romana
1460 231 1482 267 3

126 283 335 338 viderunt,
351 283 548 328 ferociter
568 298 643 341 pro
664 299 710 328 se
731 285 907 343 quisque
928 284 1095 343 signum
1117 283 1244 328 duces
1263 299 1446 342 poscere,

125 347 345 393 adfirmare
375 347 519 393 eadem
549 348 721 393 fortuna
751 350 990 394 Romanum
1017 348 1232 406 Campano
1262 349 1444 395 laturum

125 426 260 470 opem,
283 415 367 471 qua
386 413 626 471 Campanus
650 413 833 458 Sidicino
854 414 1017 459 tulerit.
1068 413 1263 458 Valerius
1283 414 1483 460 levibus4

124 477 424 522 certaminibus
460 477 698 535 temptandi
732 477 867 523 hostis
898 491 1026 523 causa
1053 476 1167 522 haud
1196 478 1258 523 ita
1287 480 1445 525 multos

121 546 313 587 moratus
334 541 422 587 dies
444 543 615 601 signum
637 558 791 601 pugnae
817 543 1051 601 proposuit,
1071 543 1215 601 paucis
1247 558 1345 589 suos
1373 545 1446 590 ad·

120 605 330 660 hortatus,
353 623 406 652 ne
433 623 588 652 novum
622 607 773 652 bellum
802 623 873 652 eos
901 622 1120 666 novusque
1149 607 1285 653 hostis
1313 612 1445 654 terre-

118 674 212 716 ret:
246 671 451 730 quidquid
480 671 532 716 ab
559 671 663 717 urbe
691 672 859 731 longius
887 672 1124 730 proferrent
1152 687 1280 727 arma,
1307 675 1443 732 magis

118 736 338 794 magisque
373 737 418 781 in
451 736 638 782 imbelles
667 741 818 794 gentes
849 752 920 782 eos
950 736 1130 794 prodire.
1193 737 1262 782 Ne
1295 737 1479 783 Sicani-5

116 814 270 845 norum
293 801 685 860 Campanorumque
706 801 893 846 cladibus
917 801 1165 846 Samnitium
1183 801 1441 848 aestimarent

117 865 347 911 virtutem:
381 866 707 925 qualescumque
741 867 854 911 inter
890 882 935 911 se
970 865 1238 921 certaverint,
1268 881 1440 912 necesse

116 929 250 975 fuisse
281 930 455 976 alteram
485 940 646 989 partem
681 931 816 976 vinci:
850 930 1085 989 Campanos
1121 930 1290 989 quidem
1325 931 1440 977 haud

118 993 245 1040 dubie
279 997 413 1054 magis
447 996 576 1040 nimio
612 995 716 1040 luxu
750 996 978 1041 fluentibus
1014 995 1140 1040 rebus
1179 995 1438 1055 mollitiaque

116 1074 195 1104 sua
215 1075 338 1119 quam
361 1061 402 1105 vi
422 1061 605 1106 hostium
629 1061 762 1106 victos
779 1076 883 1106 esse.
946 1060 1062 1109 Quid
1084 1064 1223 1106 autem
1240 1077 1332 1106 esse
1353 1061 1436 1107 duo
1452 1069 1477 1108 6

114 1138 317 1183 prospera
349 1125 395 1170 in
429 1129 495 1170 tot
526 1125 688 1171 saeculis
719 1125 827 1170 bella
858 1125 1108 1170 Samnitium
1139 1126 1338 1170 adversus
1369 1130 1436 1172 tot

114 1187 268 1234 decora
286 1189 430 1248 populi
450 1191 642 1244 Romani,
660 1191 732 1249 qui
752 1190 988 1248 triumphos
1010 1205 1127 1248 paene
1148 1189 1289 1248 plures
1311 1206 1437 1249 quam

115 1269 246 1299 annos
267 1255 318 1300 ab
346 1255 450 1300 urbe
477 1255 647 1300 condita
675 1262 909 1308 numerent,
933 1255 1005 1313 qui
1032 1255 1170 1299 omnia
1196 1255 1306 1299 eirca
1332 1270 1437 1300 se—

115 1318 292 1364 Sabinos
332 1319 546 1364 Etruriam
583 1321 760 1365 Latinos
801 1319 1012 1365 Hernicos
1053 1319 1215 1377 AEquos
1251 1319 1433 1365 Vulscos

114 1384 556 1430 Auruncos—domita
585 1386 710 1430 armis
737 1384 931 1438 habeant,
965 1385 1037 1443 qui
1064 1384 1204 1429 Gallos
1232 1387 1297 1428 tot
1326 1399 1433 1442 proe-

112 1448 180 1494 liis
201 1465 332 1495 caesos
353 1455 566 1508 postremo
588 1451 632 1494 in
651 1464 764 1495 mare
787 1465 834 1495 ac
861 1465 989 1494 naves
1010 1450 1112 1508 fuga
1140 1448 1429 1506 compulerint.

112 1515 253 1568 Quum
282 1515 416 1573 gloria
443 1514 539 1560 belli
560 1531 607 1560 ac
628 1516 787 1560 virtute
809 1530 885 1560 sua
906 1530 1112 1574 quemque
1139 1515 1272 1559 fretos
1301 1514 1361 1559 ire
1388 1515 1433 1559 in

111 1582 243 1624 aciem
274 1579 437 1634 debere,
458 1584 549 1624 tum
578 1581 700 1624 etiam
731 1580 898 1634 intueri,
923 1581 1042 1638 eujus
1071 1578 1204 1624 ductu
1231 1579 1433 1636 auspicio-

111 1659 194 1702 que
214 1644 396 1689 ineunda
417 1659 559 1703 pugna
579 1645 647 1701 sit,
669 1648 825 1700 utrum,
848 1645 921 1703 qui
949 1643 1182 1689 audiendus
1211 1642 1432 1688 dumtaxat

109 1709 359 1766 magnificus
381 1709 626 1754 adhortator
657 1710 725 1762 sit,
748 1709 887 1754 verbis
915 1712 1082 1753 tantum
1110 1709 1230 1753 ferox
1257 1722 1429 1765 operum

109 1773 353 1819 militarium
370 1789 532 1832 expers,
547 1789 599 1818 an
621 1775 694 1832 qui
714 1777 758 1818 et
778 1774 869 1832 ipse
888 1773 974 1818 tela
989 1777 1190 1824 tractare,
1206 1773 1431 1830 procedere

109 1843 208 1884 ante
225 1840 356 1898 signa,
374 1840 533 1884 versari
553 1839 689 1883 media
708 1839 752 1882 in
768 1838 875 1883 mole
895 1854 1048 1896 pugnae
1067 1837 1171 1882 sciat
1188 1841 1288 1881 :—“
1300 1836 1431 1881 Facta

108 1917 203 1948 mea
221 1919 307 1948 non
326 1904 440 1949 dicta
460 1918 545 1957 vos,
567 1903 763 1955 milites,”
786 1903 923 1961 inquit
946 1908 973 1927 ‘⁸
986 1903 1106 1961 sequi
1125 1901 1232 1955 volo,
1250 1916 1328 1946 nec
1349 1901 1430 1946 dis·

108 1967 303 2026 ciplinam
324 1968 449 2013 modo
476 1968 551 2013 sed
580 1967 817 2024 exemplum
846 1968 972 2012 etiam
994 1982 1019 2011 a
1050 1981 1115 2012 me
1142 1970 1311 2024 petere:
1343 1980 1429 2010 non

108 2031 361 2078 factionibus
396 2032 520 2078 modo
550 2047 628 2078 nec
668 2047 743 2090 per
772 2031 975 2077 coitiones
1004 2031 1183 2076 usitatas
1217 2030 1428 2076 nobilibus

107 2096 183 2142 scd
201 2097 281 2143 hae
301 2097 450 2142 dextra
469 2097 572 2142 mihi
590 2100 679 2142 tres
700 2097 942 2142 consulatus
959 2110 1245 2155 summamque
1261 2094 1427 2140 laudem

107 2162 263 2220 peperi.
303 2161 405 2208 Fuit
425 2177 554 2221 quum
575 2161 656 2207 hoc
676 2161 759 2207 diei
779 2165 957 2220 poterat,
979 2161 1182 2219 patricius
1203 2161 1313 2206 enim
1334 2173 1426 2205 eras
1439 2169 1463 2208 8

109 2227 154 2276 et
180 2239 206 2279 a
229 2225 525 2285 liberatoribus
551 2227 700 2297 patriae
729 2230 850 2274 ortus
880 2229 924 2278 et
954 2225 1100 2278 eodem
1130 2239 1239 2275 anno
1269 2223 1427 2279 familia
