1649 2452
573 105 691 145 LIB.
721 104 849 145 VIII.
883 107 1051 148 27—29.
1404 107 1481 149 517

162 161 206 193 A.
224 160 262 192 c.
278 158 370 200 3223

160 204 291 255 retur,
322 199 510 259 pecuniae
541 199 712 245 creditae
741 199 851 245 bona
880 199 1081 245 debitoris
1110 213 1196 244 non
1225 213 1377 258 corpus
1408 199 1481 245 ob-

158 266 331 311 noxium
351 268 477 309 esset.
537 263 610 309 Ita
628 264 727 309 nexi
754 264 883 309 soluti
908 271 1161 322 cautumque
1190 264 1235 308 in
1262 267 1479 321 posterum
1493 268 1517 304 5

158 345 213 376 ne
231 333 515 375 necterentur.

215 393 375 439 Eodem
417 408 526 438 anno
561 409 690 452 quum
726 393 828 438 satis
863 409 938 452 per
972 408 1017 438 se
1050 392 1189 451 ipsum
1231 392 1480 437 Samnitium
1493 391 1599 445 (29)

157 458 312 504 bellum
340 462 384 503 et
415 457 594 502 defectio
622 473 771 515 repens
802 457 1070 502 Lucanorum
1101 461 1376 515 auctoresque
1411 456 1480 502 de-

157 522 352 568 fectionis
387 522 605 567 Tarentini
639 522 839 566 sollicitos
874 521 1078 566 haberent
1112 525 1266 579 patres,
1306 521 1484 566 accessit

157 591 207 631 ut
238 590 283 632 et
318 586 524 631 Vestinus
555 585 735 644 populus
773 585 1030 630 Samnitibus
1065 601 1157 630 sese
1191 588 1482 644 conjungeret.

159 651 268 699 Quae
301 666 369 696 res
402 651 512 695 sicut
548 665 598 694 eo
631 665 740 694 anno
771 649 1032 694 sermonibus
1061 649 1197 705 magis
1226 649 1380 706 passim
1411 649 1520 695 ho·2

158 715 319 759 minum
349 717 513 772 jactata
548 730 674 772 quam
708 714 754 757 in
786 713 954 770 publico
988 713 1074 758 ullo
1105 713 1279 758 concilio
1315 717 1393 769 est,
1423 714 1484 758 ita

160 779 421 836 insequentis
463 779 562 823 anni
597 777 838 823 consulibus
874 777 926 822 L.
949 777 1078 822 Furio
1115 777 1289 822 Camillo
1327 778 1483 822 iterum

158 843 186 887 J
188 844 287 888 unio
319 843 458 888 Bruto
490 843 642 887 Scaevae
672 841 787 886 nulla
814 842 928 900 prior
956 842 1178 900 potiorque
1203 842 1294 886 visa
1320 848 1398 896 est,
1431 843 1482 888 de

159 923 242 965 qna
280 906 335 951 ad
373 911 566 952 senatum
603 906 821 951 referrent.
883 906 942 950 Et
978 921 1227 964 quamquam
1268 921 1376 950 nova
1414 919 1517 956 res3

157 975 262 1026 erat,
291 975 435 1015 tamen
463 975 583 1015 tanta
614 986 715 1015 ema
744 974 885 1027 patres
915 970 1087 1015 incessit
1117 975 1166 1015 ut
1201 971 1361 1028 pariter
1391 986 1482 1015 eam

155 1039 398 1094 susceptam
437 1035 755 1094 neglectamque
797 1034 1008 1088 timerent,
1047 1049 1100 1078 ne
1140 1040 1215 1079 aut
1254 1035 1481 1092 impunitas

155 1115 300 1145 eorum
341 1099 512 1144 lascivia
552 1098 830 1157 superbiaque
867 1102 940 1142 aut
975 1098 1083 1143 bello
1118 1114 1250 1156 poenae
1284 1100 1482 1157 expetitae

157 1168 275 1209 metu
300 1165 536 1223 propinquo
565 1168 692 1222 atque
724 1163 788 1207 ira
817 1163 1030 1208 concirent
1060 1163 1259 1208 finitimos
1290 1164 1479 1222 populos.

163 1228 215 1273 Et
235 1233 327 1273 erat
347 1244 482 1287 genus
502 1243 625 1273 omne
647 1227 811 1273 abunde
832 1226 940 1272 bello
962 1227 1220 1272 Samnitibus
1242 1243 1330 1284 par,
1345 1228 1520 1275 Marsi4

163 1293 406 1352 Pelignique
427 1299 470 1337 et
490 1292 739 1347 Marrucini,
761 1307 878 1350 quos,
896 1292 932 1336 si
951 1292 1156 1336 Vestinus
1178 1292 1480 1351 adtingeretur,

159 1372 302 1402 omnes
342 1356 555 1402 habendos
595 1356 753 1401 hostes.
814 1356 931 1401 Vicit
970 1361 1113 1401 tamen
1153 1373 1261 1415 pars,
1305 1373 1397 1414 quae
1437 1357 1519 1405 in5

159 1421 380 1479 praesentia
418 1421 552 1466 videri
591 1421 731 1479 potuit
771 1421 942 1478 majoris
983 1421 1110 1465 animi
1144 1437 1268 1479 quam
1306 1422 1480 1477 consilii,

157 1485 232 1530 sed
261 1489 437 1530 eventus
465 1485 609 1531 docuit
636 1487 770 1530 fortes
799 1485 1012 1530 fortunam
1037 1486 1212 1543 juvare:
1243 1486 1399 1531 bellum
1429 1502 1481 1531 ex

157 1550 408 1595 auctoritate
443 1554 611 1608 patrum
647 1549 829 1608 populus
866 1549 1065 1595 adversus
1101 1551 1303 1596 Vestinos
1335 1552 1478 1608 jussit.

156 1614 380 1659 Provincia
419 1629 469 1658 ea
507 1614 658 1666 Bruto,
703 1614 918 1658 Samnium
960 1614 1136 1659 Camillo
1177 1620 1291 1660 sorte
1326 1616 1516 1661 evenit.6

155 1678 381 1723 Exercitus
402 1682 584 1736 utroque
605 1678 724 1723 ducti
743 1682 787 1723 et
816 1693 918 1723 cura
936 1678 1192 1724 tuendorum
1220 1679 1361 1724 finium
1384 1680 1480 1724 hos-

155 1753 222 1788 tes
247 1742 449 1800 prohibiti
477 1743 741 1801 conjungere,
762 1758 888 1787 arma.
952 1745 1159 1788 Caeterum
1180 1743 1356 1788 alterum
1383 1759 1479 1788 con·
1495 1753 1517 1792 7

155 1807 290 1852 sulem
308 1807 361 1852 L.
385 1807 573 1862 Furium,
595 1807 664 1852 cui
688 1809 822 1864 major
847 1807 978 1852 moles
999 1823 1139 1852 rerum
1160 1808 1358 1866 imposita
1377 1813 1480 1865 erat,

156 1871 302 1916 morbo
341 1871 457 1930 gravi
494 1870 745 1929 implicitum
786 1871 959 1915 fortuna
994 1871 1102 1916 bello
1138 1871 1362 1926 subtraxit,
1391 1873 1482 1931 jus·

154 1951 312 1995 susque
339 1936 588 1981 dictatorem
616 1935 755 1981 dicere
781 1936 841 1980 rei
870 1936 1063 1994 gerendae
1090 1952 1216 1981 causa
1244 1937 1369 1996 longe
1399 1938 1482 1983 cla-

156 2001 367 2045 rissimum
402 2001 513 2046 bello
544 2016 593 2045 ea
622 2004 877 2058 tempestate
913 2001 1019 2045 dixit
1054 2001 1106 2045 L.
1129 2001 1343 2058 Papirium
1374 2003 1480 2048 Cur-

155 2081 305 2121 sorem,
341 2081 366 2110 a
396 2081 480 2124 quo
511 2066 567 2114 Q.
590 2066 746 2110 Fabius
777 2065 995 2110 Maximus
1027 2067 1250 2112 Rullianus
1280 2069 1481 2127 magister

156 2131 347 2188 equitum
374 2135 441 2174 est
470 2130 622 2184 dictus
651 2146 728 2188 par
754 2129 893 2175 nobile
920 2130 1047 2176 rebus
1075 2132 1119 2176 in
1149 2147 1199 2177 eo
1228 2133 1481 2190 magistratu

156 2194 301 2253 gostis,
336 2193 546 2239 discordia
578 2199 734 2250 tamen,
770 2210 853 2252 qua
887 2210 1018 2254 prope
1048 2194 1102 2240 ad
1134 2196 1331 2241 ultimum
1364 2196 1481 2242 dimi-

157 2258 334 2305 cationis
367 2261 544 2305 ventmn
576 2263 657 2314 est,
693 2259 888 2306 nobilius.
948 2259 1018 2307 Ab
1052 2259 1185 2307 altero
1224 2261 1395 2308 consule
1437 2263 1518 2312 in8
