1649 2452
152 83 229 121 510
473 80 517 118 T.
549 79 698 118 LIVII
730 77 1145 118 HISTORIARUM
1267 133 1312 171 [Δ
1342 133 1367 163 c
1394 131 1468 166 324.

152 176 198 220 in
224 189 308 232 quo
335 172 666 220 concurrendum
694 176 773 226 est,
796 174 840 218 et
870 187 984 217 arma
1012 180 1057 218 et
1086 173 1319 218 communis
1347 173 1468 219 Mars

154 238 251 284 belli
290 238 511 283 decernet:
554 236 729 295 proinde
762 237 874 282 inter
915 237 1103 294 Capuam
1144 237 1469 296 Suessulamque

152 307 290 348 castra
309 302 458 348 castris
487 302 750 346 conferamus
777 304 822 346 et
851 301 1015 346 Samnis
1040 301 1311 346 Romanusne
1337 301 1469 357 impe·

112 375 134 413 6
151 368 214 412 rio
243 367 414 413 Italiam
443 369 595 424 regant
623 365 938 410 decernamus.''
998 365 1153 424 Legati
1180 366 1468 410 Romanorum

152 447 282 491 quum
303 447 348 476 se
368 446 453 476 non
474 445 556 488 quo
583 430 719 474 hostis
739 430 961 474 vocassent
989 429 1064 474 sed
1084 444 1166 487 quo
1194 429 1467 487 imperatores

151 497 218 541 sui
252 495 472 540 duxissent
501 494 637 538 ituros
667 508 759 539 esse
789 493 1117 551 respondissent,
1140 497 1230 550 jam
1259 493 1467 539 Publilius

153 560 265 604 inter
304 557 546 616 Palaepolim
586 557 893 616 Neapolimque
931 557 1024 602 loco
1063 561 1299 615 opportune
1343 562 1467 616 capto

151 624 374 669 diremerat
413 622 605 667 hostibus
641 622 885 666 societatem
921 621 1065 666 auxilii
1097 621 1247 675 mutui,
1285 637 1380 680 qua,
1416 625 1467 667 ut
1502 677 1505 679 ‚

113 698 131 735 7
151 688 326 747 quisque
346 687 462 731 locus
483 690 758 744 premeretur,
779 686 890 730 inter
909 701 955 730 se
981 686 1049 729 usi
1072 685 1252 730 fuerant.
1313 686 1466 743 Itaque

151 769 280 810 quum
309 755 352 796 et
381 750 647 795 comitiorum
678 749 767 794 dies
797 751 975 795 instaret
1002 754 1045 794 et
1075 749 1303 795 Publilium
1332 751 1468 795 immi-

149 820 316 860 nentem
338 815 525 860 hostium
544 814 674 858 muris
696 814 862 859 avocari
887 814 939 859 ab
967 829 1042 871 spe
1069 814 1278 872 capiendae
1304 814 1350 858 in
1377 814 1466 860 dies

150 881 265 925 urbis
292 879 406 924 haud
426 895 450 924 e
469 894 516 924 re
543 878 710 937 publica
736 882 862 933 esset,
883 882 1025 923 actum
1053 894 1149 923 cum
1177 878 1360 923 tribunis
1387 882 1466 935 est,

151 945 202 989 ad
228 944 431 1002 populum
457 943 618 988 ferrent
646 947 709 996 ut,
741 959 870 1001 quum
902 943 955 991 Q.
979 942 1186 987 Publilius
1216 943 1338 988 Philo
1369 958 1468 988 con-

150 1009 292 1054 sulatu
325 1008 501 1061 abisset,
530 1023 606 1066 pro
643 1008 814 1053 consule
845 1023 932 1052 rem
963 1012 1130 1066 gereret
1160 1007 1298 1066 quoad
1328 1007 1467 1053 debel-

109 1074 278 1118 Slatum
316 1088 411 1118 cum
450 1073 606 1118 Graecis
643 1076 772 1117 esset.
831 1072 883 1116 L.
908 1072 1118 1124 Cornelio,
1149 1073 1248 1130 quja
1281 1087 1333 1116 ne
1369 1087 1465 1117 eum

149 1138 319 1196 quidem
342 1138 386 1182 in
408 1137 622 1182 Samnium
640 1137 727 1195 jam
747 1136 983 1194 ingressum
1012 1137 1198 1181 revocari
1226 1136 1277 1181 ab
1304 1137 1467 1194 impetu

148 1202 245 1248 belli
272 1201 476 1261 placebat,
499 1201 654 1246 litterae
681 1201 820 1246 missae
846 1206 896 1245 ut
925 1200 1173 1246 dictatorem
1201 1201 1466 1245 comitiorum

107 1275 275 1312 ocausa
309 1266 480 1311 diceret.
541 1265 664 1309 Dixit
699 1265 763 1309 M.
788 1264 1007 1309 Claudium
1041 1265 1303 1320 Marcellum,
1334 1265 1385 1310 ab
1415 1279 1466 1310 eo

84 1340 130 1377 10
147 1331 348 1390 magister
384 1330 573 1388 equitum
610 1329 748 1374 dictus
781 1329 851 1386 Sp.
874 1329 1133 1374 Postumius.
1195 1329 1289 1374 Neo
1323 1336 1467 1374 tamen

149 1396 201 1440 ab
231 1395 438 1440 dictatore
465 1393 636 1439 comitia
665 1397 765 1438 sunt
796 1392 950 1447 habita,
976 1394 1085 1452 quia,
1111 1394 1269 1438 vitione
1299 1399 1466 1439 creatus

147 1463 273 1513 esset,
305 1459 351 1503 in
381 1458 716 1516 disquisitionem
745 1458 886 1502 veuit:
920 1458 1102 1502 consulti
1132 1473 1312 1516 augures
1342 1458 1467 1503 vitio-

83 1532 124 1568 ll
146 1540 238 1568 sum
260 1523 394 1568 videri
414 1523 663 1568 dictatorem
690 1522 1082 1579 pronuntiaverunt.
1143 1523 1248 1567 Eam
1268 1539 1358 1568 rem
1383 1523 1463 1568 tri-

145 1588 248 1633 buni
268 1591 507 1646 suspectam
537 1587 816 1644 infamemque
837 1586 1092 1631 criminando
1121 1587 1335 1632 fecerunt:
1367 1602 1465 1632 nam

144 1669 281 1712 neque
301 1652 422 1698 facile
444 1652 575 1696 fuisse
594 1651 638 1695 id
664 1651 816 1695 vitium
843 1652 971 1704 nosci,
996 1667 1124 1710 quum
1153 1652 1298 1697 consul
1325 1653 1463 1697 oriens

146 1717 198 1762 de
224 1721 349 1762 nocte
380 1716 547 1761 silentio
575 1715 733 1760 diceret
764 1715 1010 1760 dictatorem
1042 1731 1180 1774 neque
1210 1716 1262 1760 ab
1292 1717 1463 1762 consule

146 1781 338 1840 cuiquam
371 1781 537 1839 publice
567 1780 815 1837 privatimve
846 1779 897 1824 de
932 1795 982 1824 ea
1016 1796 1061 1825 re
1096 1781 1300 1838 scriptum
1335 1785 1460 1834 esset,

146 1861 224 1891 nec
255 1861 507 1905 quemquam
542 1844 781 1889 mortalium
817 1848 995 1898 exstare,
1028 1845 1100 1903 qui
1130 1860 1175 1889 se
1204 1844 1356 1890 vidisse
1387 1852 1462 1890 aut

145 1910 311 1955 audisse
347 1910 448 1968 quid
489 1909 600 1954 dicat
642 1908 754 1966 quod
794 1909 1026 1966 auspicium
1065 1909 1290 1963 dirimeret,
1325 1925 1461 1968 neque

144 1990 327 2032 augures
349 1975 537 2018 divinare
560 1974 705 2018 Romae
728 1973 921 2018 sedentes
949 1974 1150 2031 potuisse,
1174 1973 1273 2031 quid
1300 1974 1344 2018 in
1372 1990 1462 2019 cas-

143 2040 221 2083 tris
252 2039 414 2084 consuli
444 2039 537 2083 vitii
572 2038 839 2083 obvenisset:
872 2038 940 2083 cui
980 2053 1063 2082 non
1103 2054 1315 2096 apparere,
1349 2039 1462 2097 quod

143 2103 336 2161 plebeius
358 2103 540 2148 dictator
568 2103 636 2156 sit,
660 2102 703 2147 id
730 2103 880 2147 vitium
910 2102 1140 2161 auguribus
1172 2103 1339 2148 visum?
1372 2105 1461 2149 haec

144 2168 305 2227 aliaque
343 2167 396 2213 ab
427 2167 607 2213 tribunis
642 2167 895 2226 nequiquam
925 2167 1107 2225 jactata:
1140 2171 1280 2213 tamen
1316 2167 1368 2213 ad
1398 2168 1461 2214 in·

143 2239 387 2296 terregnum
406 2247 474 2283 res
496 2232 632 2291 rediit,
656 2231 880 2296 dilatisque
900 2231 981 2282 alia
999 2236 1126 2297 atque
1147 2231 1227 2283 alia
1254 2231 1306 2284 de
1332 2247 1460 2286 eausa
