1649 2452
534 79 641 115 Anu
651 77 798 115 UMEN
804 78 882 115 TA.
1267 85 1324 123 vii

106 171 309 207 taverunt:
340 180 461 226 eoque
484 169 525 206 in
547 167 713 207 insulam
736 168 885 207 Tiberis
906 179 1060 216 egresso
1079 165 1214 204 eodem
1237 166 1319 223 loco

103 215 205 254 aedes
221 216 443 265 AEsculapio
455 218 667 255 constituta
683 223 755 256 est.
799 218 841 255 L.
859 217 1081 256 Postumius
1095 215 1315 258 consularis,

104 263 286 312 quoniam
302 277 422 313 quum
438 266 625 303 exercitui
641 270 823 314 praeesset
841 278 960 314 opera
976 265 1143 301 militum
1164 264 1204 300 in
1227 275 1320 309 agro

104 325 173 350 suo
188 324 281 350 usus
296 319 411 360 esset,
427 314 635 351 damnatus
651 319 720 351 est.
775 315 916 352 Pacem
933 313 1156 361 petentibus
1172 311 1319 349 Samni·

104 361 210 398 tibus
240 361 368 398 foedus
400 367 539 410 quarto
572 367 798 400 renovatum
831 369 903 399 est.
955 361 1092 400 Curius
1126 359 1320 396 Dentatus

103 408 238 446 consul
263 409 501 448 Samnitibus
529 410 638 448 caesis
664 415 704 447 et
737 411 900 455 Sabinis,
932 410 998 457 qui
1026 407 1317 450 rebellaverant2

106 456 217 494 victis
232 458 329 494 etin
345 457 582 495 deditionem
604 461 775 506 acceptis
795 459 856 496 bis
871 459 911 495 in
928 457 1064 494 eodem
1089 456 1321 502 magistratu

105 505 372 553 triumphavit.
425 506 589 544 Coloniae
611 507 785 544 deductae
807 511 899 544 sunt
920 505 1100 544 Castrum
1123 504 1226 540 Sena
1242 502 1320 538 Ha-

105 552 202 590 dria.
272 552 479 590 Triumviri
518 555 706 602 capitales
741 561 825 592 tum
858 555 1027 602 primum
1061 552 1182 588 creati
1214 555 1318 587 sunt.

105 599 252 639 Census
275 606 397 645 actus,
413 601 577 638 lustrum
603 603 801 640 eonditum
826 608 906 639 est:
938 613 1053 638 censa
1074 603 1166 636 sunt
1182 599 1321 635 civium

105 648 237 696 capita
263 648 433 686 ducenta
465 652 716 698 septuaginta
733 651 810 688 duo
838 651 968 687 millia.
1019 649 1134 685 Plebs
1160 651 1324 694 propter

106 708 161 734 ωε
175 697 344 734 alienum
361 703 451 745 post
466 710 604 745 graves
621 704 662 735 et
682 699 817 747 longas
841 698 1050 736 seditiones
1074 697 1126 732 ad
1142 695 1323 731 ultimum

106 745 264 781 secessit
295 746 335 781 in
367 745 603 792 «Ianiculum,
638 747 742 784 unde
775 759 799 784 a
828 747 873 792 Q.
894 745 1104 783 Hortensio
1133 743 1324 780 dictatore

107 793 276 830 deducta
308 798 379 838 est,
416 794 525 841 isque
557 795 596 831 in
629 796 714 842 ipso
746 796 980 842 magistratu
1012 792 1189 829 decessit.
1248 790 1325 827 Res

107 845 248 888 praeter
264 853 310 877 ea
335 846 470 878 contra
494 842 760 880 Vulsinienses
777 851 906 890 gestas
930 843 1115 885 continet,
1143 840 1240 875 item
1258 839 1324 874 ad·

107 901 239 972 versus
272 889 463 975 Ιὲιοειηοε,
495 896 631 928 contra
663 903 760 939 quos
792 892 978 928 auxilium
1011 888 1194 926 Thurinis
1226 886 1327 923 ferre

107 946 133 984 p
150 947 288 974 acuero.

605 1034 704 1074 LIB.
734 1035 828 1075 XII.
856 1072 859 1074 ,

162 1105 291 1152 Qutm
312 1103 431 1152 legati
449 1103 710 1141 Romanorum
727 1118 751 1141 a
767 1105 888 1142 Gallis
905 1104 1118 1142 Senonibus
1134 1105 1325 1142 interfecti

111 1158 251 1199 essent,
271 1154 371 1190 bello
388 1153 438 1190 ob
454 1153 496 1190 id
513 1152 634 1190 Gallis
657 1153 804 1190 indicto
828 1153 870 1190 L.
888 1152 1061 1191 Caecilius
1081 1157 1223 1201 praetor
1237 1166 1325 1190 cum

110 1201 324 1249 legionibus
348 1201 399 1238 ab
424 1202 472 1238 iis
495 1213 614 1238 caesus
630 1205 703 1240 est.
756 1201 883 1247 Quum
902 1213 927 1238 a
953 1202 1173 1238 Tarentinis
1195 1202 1327 1238 classis

111 1248 288 1287 Romana
302 1247 460 1297 direpta
472 1253 584 1294 osset,
602 1249 805 1286 duumviro
817 1249 884 1296 qui
897 1254 1065 1296 praeerat
1077 1249 1189 1286 classi
1205 1251 1327 1287 occiso

111 1296 230 1346 legati
258 1297 310 1335 ad
338 1310 404 1334 eos
428 1310 453 1334 a
481 1302 630 1343 senatu,
660 1302 706 1334 ut
735 1297 784 1334 de
809 1298 857 1334 iis
884 1298 1032 1345 injuriis
1060 1304 1324 1345 quererentur,

113 1345 221 1383 missi
265 1345 382 1383 ulsati
395 1349 499 1383 sunt.
544 1345 603 1383 Ob
618 1345 661 1382 id
676 1346 820 1382 bellum
835 1345 883 1381 iis
898 1346 1088 1382 indictum
1105 1350 1177 1382 est.
1222 1347 1326 1384 Sam-

113 1392 214 1431 nites
256 1394 471 1431 efecerunt:
501 1393 687 1431 adversus
703 1405 768 1430 eos
784 1397 826 1430 et
841 1393 1016 1430 Lucanos
1041 1399 1082 1430 et
1097 1394 1273 1431 Bruttios
1289 1401 1329 1430 ct

114 1440 295 1479 Etruscos
326 1441 475 1490 aliquot
505 1442 650 1490 proeliis
680 1454 705 1478 a
737 1442 999 1489 compluribus
1030 1442 1193 1479 ducibus
1231 1443 1328 1479 beno

111 1494 332 1539 pugnatum
359 1494 432 1528 est.
483 1489 658 1538 Pyrrhus
685 1490 936 1537 Epirotarum
964 1502 1046 1534 rex,
1069 1494 1115 1527 ut
1143 1491 1327 1527 auxilium

111 1539 231 1576 ferret
251 1538 482 1584 Tarentinis,
501 1539 542 1575 in
559 1538 715 1575 Italiam
731 1539 848 1575 venit.
899 1537 1026 1583 Quum
1049 1539 1088 1574 in
1105 1539 1328 1586 praesidium

110 1585 346 1634 Reginorum
362 1586 462 1634 legio
479 1586 680 1634 Campana
701 1598 790 1623 cum
814 1586 999 1634 praefecto
1021 1586 1140 1624 Decio
1162 1587 1329 1624 Jubellio

111 1635 230 1672 missa
246 1639 360 1681 esset,
380 1635 515 1672 occisis
531 1634 691 1682 Reginis
706 1635 872 1682 Regium
889 1636 1102 1682 occupavit.

596 1742 697 1781 LIB.
725 1743 839 1780 XIII.

161 1811 379 1849 VALERIUS
404 1811 582 1848 Laevinus
606 1811 738 1847 consul
765 1823 903 1858 parum
934 1823 1117 1859 prospere
1146 1812 1330 1850 adversus

114 1859 305 1907 Pyrrhum
354 1861 513 1944 tiz->navit
529 1859 822 1906 elephantorum
837 1861 1006 1896 maxime
1022 1861 1218 1898 invisitata
1234 1860 1330 1898 facio

113 1907 261 1945 territis
316 1909 322 1916 '
342 1908 386 1944 iti
414 1919 471 1944 us.
512 1908 608 1945 Post
624 1906 664 1943 id
682 1907 860 1954 proelium
878 1919 998 1955 quum
1014 1920 1176 1956 corpora
1191 1908 1329 1946 Roma-

113 1967 251 1992 norum
267 1956 333 2003 qui
350 1956 389 1992 in
412 1957 493 1992 acio
517 1955 737 1992 ceciderant
759 1956 932 2003 Pyrrhus
957 1957 1176 2004 inspiceret,
1199 1969 1327 1994 omma

114 2015 226 2040 versa
256 2005 297 2040 in
329 2003 481 2040 hostem
513 2004 672 2048 invenit,
705 2003 1078 2052 populabundusque
1111 2004 1163 2042 ad
1195 2005 1328 2042 urbem

115 2051 331 2089 Romanam
393 2052 561 2089 recessit.
635 2051 677 2089 C.
701 2051 898 2088 Fabricius
931 2053 1070 2089 missus
1102 2052 1153 2090 ad
1185 2065 1274 2090 eum
1307 2068 1327 2088 ει

115 2105 255 2136 senatu
278 2103 324 2136 ut
373 2111 395 2136 e
416 2099 652 2136 redimendis
674 2101 837 2147 captivis
859 2106 1002 2147 ageret,
1029 2101 1171 2138 frustra
1195 2111 1240 2138 ut
1263 2114 1329 2149 pa-

117 2149 233 2185 triam
250 2147 446 2185 desereret
460 2159 486 2184 a
500 2160 591 2196 rege
607 2152 824 2195 temptatus
841 2153 920 2186 cst:
947 2149 1090 2196 captivi
1107 2150 1188 2186 sine
1205 2151 1329 2197 pretio

115 2196 265 2233 remissi
281 2200 384 2232 sunt.
433 2195 573 2234 Cineas
588 2196 740 2243 legatus
756 2208 780 2232 a
801 2195 951 2243 Pyrrho
972 2197 1024 2233 ad
1047 2202 1223 2234 senatum
1241 2199 1326 2234 mis-

115 2252 181 2283 sus
197 2244 299 2295 petit
314 2247 360 2283 ut
375 2243 651 2294 componendae
674 2245 782 2293 pacis
806 2253 922 2283 causa
938 2256 1006 2283 rex
1027 2245 1067 2283 in
1085 2244 1219 2284 urbem
1237 2247 1338 2286 reci-
