1649 2452
549 81 662 121 LIB.
692 80 792 121 v11.
823 83 887 130 32,
908 83 971 121 33.
1349 83 1429 122 465

108 136 313 177 A.0.³40.]
1425 153 1429 157 .

107 179 229 238 signa
262 177 449 223 hostium
489 179 690 222 conatur:
733 191 838 235 quos
878 174 952 220 ubi
985 174 1239 234 nequiquam
1274 176 1430 221 tumul-

106 246 278 288 tuantes
297 243 344 288 in
363 242 499 299 spatio
526 242 680 300 exiguo
700 241 868 286 volvere
887 244 1048 285 turmas
1070 239 1176 284 vidit
1206 254 1284 285 nec
1305 255 1428 298 posse

106 308 267 365 aperire
302 307 348 352 in
381 307 526 351 hostes
556 306 679 359 viam,
712 308 907 350 revectus
943 304 996 349 ad
1036 303 1333 362 antesignanos
1368 304 1428 350 le-

105 373 279 431 gionum
309 387 444 430 quum
476 370 715 416 desiluisset
746 385 799 415 cx
829 385 950 429 equo,
975 369 1251 414 “Nostrum'’
1283 369 1424 426 inquit

107 435 337 495 “peditum
367 434 483 489 illud,
518 435 686 488 milites,
719 438 785 479 est
815 450 949 493 opus:
983 434 1096 492 agite
1128 432 1241 489 dum,
1272 438 1323 479 ut
1358 449 1425 479 me

103 501 305 554 videritis,
329 515 590 559 quacumque
619 499 828 545 incessero
859 499 903 544 in
933 499 1064 544 aciem
1091 498 1290 552 hostium,
1313 498 1425 543 ferro

103 566 213 611 viam
253 565 489 621 facientem,
526 565 586 610 sic
625 579 702 623 pro
738 580 783 609 se
825 564 1004 623 quisque
1036 563 1181 608 obvios
1218 563 1424 609 sternite:

101 630 174 676 illa
213 630 363 683 omnia,
397 645 481 688 qua
509 644 623 674 nunc
657 633 808 674 erectae
843 629 1000 673 micant
1035 628 1180 682 hastae,
1215 627 1427 685 patefacta

16 723 17 726 =
102 698 245 754 strage
266 698 387 739 vasta
407 694 635 739 cernetis.’'
698 695 805 738 Haec
826 693 940 738 dicta
960 692 1145 748 dederat,
1161 708 1290 750 quum
1312 693 1425 752 equi·
1441 701 1467 738 4

15 763 18 767 “
100 762 168 804 tes
201 759 384 804 consulis
414 763 541 816 jussu
571 758 813 804 discurrunt
844 758 889 802 in
920 773 1077 802 cornua
1106 757 1425 816 legionibusque

15 822 20 827 ”
100 824 145 869 in
165 824 343 869 mediam
365 824 496 869 aciem
521 824 714 882 aperiunt
735 823 856 867 viam.
919 823 1087 867 Primus
1115 822 1305 867 omnium
1326 838 1424 868 con·
1439 833 1463 869 5

101 889 168 934 sul
194 889 354 933 invadit
382 889 559 942 hostem,
581 892 624 932 et
655 903 752 932 cum
783 902 865 945 quo
887 887 997 932 forte
1023 887 1203 932 contulit
1231 887 1421 946 gradum,

99 953 350 999 obtruncat:
383 953 462 998 hoc
483 951 722 1011 spectaculo
751 951 927 1007 accensi,
949 951 1098 996 dextra
1118 951 1304 1011 laevaque
1324 957 1423 998 ante

99 1034 146 1064 se
176 1018 352 1078 quisque
387 1017 701 1062 memorandum
736 1016 929 1076 proelium
960 1017 1055 1062 ciet.
1120 1017 1245 1062 Stant
1279 1017 1422 1063 obnixi
1438 1027 1462 1065 6

99 1083 321 1137 Samnites,
364 1098 616 1141 quamquam
659 1081 778 1140 plura
818 1082 1028 1139 accipiunt
1069 1098 1191 1141 quam
1234 1082 1421 1129 inferunt

98 1148 295 1193 vulnera:
329 1147 584 1205 aliquamdiu
615 1149 702 1204 J‘am
731 1154 967 1206 pugnatum
1000 1152 1103 1201 erat,
1133 1151 1257 1192 atrox
1286 1148 1420 1194 caedes

96 1213 209 1258 circa
242 1213 364 1271 signa
397 1212 662 1265 Samnitium,
694 1211 798 1270 fuga
829 1211 880 1256 ab
915 1211 1131 1256 nulladum
1163 1216 1283 1270 parte
1315 1217 1420 1267 erat,

96 1277 199 1322 adeo
240 1281 375 1322 morte
415 1276 504 1322 sola
537 1277 649 1321 vinci
689 1275 1002 1321 destinaverant
1043 1277 1204 1322 animis.
1266 1277 1419 1337 Itaque
1435 1288 1459 1329 7

95 1342 290 1396 Romani,
314 1358 443 1400 quum
472 1347 515 1386 et
535 1342 666 1386 fluere
689 1341 775 1399 jam
804 1340 1051 1386 lassitudine
1072 1342 1182 1387 vires
1211 1343 1418 1388 sentirent

93 1410 138 1452 et
174 1407 256 1452 diei
288 1406 399 1451 haud
435 1406 615 1451 multum
652 1421 886 1465 superesse,
917 1407 1082 1451 accensi
1112 1407 1175 1451 ira
1203 1409 1418 1454 concitant

93 1487 139 1517 se
169 1472 214 1516 in
243 1472 421 1516 hostem.
482 1471 592 1515 Tum
623 1472 804 1530 primum
834 1471 982 1516 referri
1016 1471 1167 1530 pedem
1197 1477 1325 1528 atque
1354 1474 1417 1518 in-
1434 1484 1457 1520 8

93 1537 238 1582 clinari
258 1553 347 1582 rem
367 1537 412 1581 in
438 1536 583 1595 fugam
605 1537 811 1595 apparuit,
834 1541 928 1582 tum
956 1538 1050 1596 capi
1070 1538 1204 1583 occidi
1236 1539 1414 1593 Samnis,

90 1617 169 1647 nec
197 1601 506 1660 superfuissent
533 1601 657 1645 multi
686 1602 731 1646 ni
757 1617 844 1646 nox
871 1603 1092 1647 victoriam
1123 1603 1258 1662 magis
1290 1619 1416 1662 quam

90 1666 284 1726 proelium
304 1666 553 1711 diremisset.
615 1666 674 1710 Et
706 1667 886 1711 Romani
913 1667 1159 1712 fatebantur
1186 1684 1415 1726 numquam
1431 1677 1455 1715 9

90 1746 188 1777 cum
218 1731 495 1790 pertinaciore
522 1730 645 1775 hoste
673 1731 930 1787 conflictum,
957 1735 1002 1776 et
1031 1732 1254 1786 Samnites,
1284 1749 1416 1792 quum

90 1800 362 1855 quaereretur,
398 1810 589 1853 quaenam
620 1795 755 1853 prima
786 1810 913 1840 cansa
941 1799 1030 1840 tam
1060 1796 1296 1842 obstinatos
1326 1813 1415 1843 mo-

88 1861 221 1907 visset
250 1861 296 1906 in
323 1860 482 1919 fugam,
513 1859 656 1904 oculos
687 1859 767 1905 sibi
796 1860 1087 1906 Romanorum
1124 1862 1270 1908 ardere
1300 1863 1412 1908 visos

90 1925 258 1971 aiebant
287 1940 548 1983 vesanosque
578 1924 723 1970 vultus
755 1929 799 1970 et
829 1924 1017 1972 furentia
1044 1941 1146 1972 ora:
1189 1927 1287 1972 inde
1317 1928 1413 1987 plus

6 2019 7 2022 =
88 2005 215 2050 quam
250 2005 304 2036 ex
337 1989 419 2034 alia
446 1988 534 2034 ulla
562 2005 609 2034 re
639 1989 813 2035 terroris
843 1995 1016 2036 ortum:
1053 2007 1178 2050 quem
1206 1996 1413 2039 terrorem

87 2069 175 2100 non
193 2070 348 2115 pugnae
367 2053 504 2100 solum
523 2058 681 2100 eventu
700 2054 776 2100 sed
801 2058 1010 2101 nocturna
1034 2056 1293 2114 profectione
1314 2074 1411 2104 con·

87 2118 192 2165 fessi
230 2122 343 2166 sunt.
404 2119 584 2165 Postero
623 2118 691 2165 die
725 2120 872 2165 vacuis
907 2121 1095 2167 hostium
1134 2123 1284 2168 castris
1324 2123 1411 2168 Ro-
1430 2137 1480 2177 10

89 2198 238 2229 manus
273 2184 447 2243 potitur,
483 2200 566 2243 quo
597 2200 642 2230 sc
673 2185 808 2230 omnis
840 2186 1153 2244 Campanorum
1181 2187 1412 2235 multitudo

88 2248 398 2306 gratulabunda
417 2248 580 2295 effudit.

148 2328 219 2355 nv.
232 2328 326 2357 m.
340 2330 370 2359 ι.
706 2326 744 2360 11
760 2314 792 2361 h
