1649 2452
546 75 658 116 LIB.
691 77 768 116 IX.
801 77 863 121 18,
885 75 946 113 19.
1327 82 1404 119 559

83 132 292 174 A.c.81'1.]

81 147 311 220 obnoxium
337 175 413 220 sed
439 174 566 219 etiam
594 174 838 218 offerentem
864 187 923 226 se,
944 170 1127 216 Romani
1150 170 1274 215 multi
1301 171 1404 216 fuis-

80 243 175 284 sent
194 238 434 285 Alexandro
454 238 521 284 vel
548 238 682 296 gloria
701 237 770 283 vel
787 252 928 282 rerum
949 235 1239 294 magnitudine
1266 250 1400 294 pares,

79 318 260 361 quorum
281 319 358 348 suo
378 303 556 362 quisque
576 303 665 347 fato
687 303 777 347 sine
798 301 964 360 publico
981 299 1220 345 discrimine
1240 301 1401 345 viveret

78 371 408 426 merereturque.
483 367 639 413 Restat
678 373 728 412 ut
769 366 898 424 copiae
938 364 1068 423 copiis
1104 367 1515 422 comparentur(19)

77 432 145 477 vel
177 447 352 478 numero
386 431 454 477 vel
487 432 671 477 militum
705 446 858 490 genere
892 429 960 475 vel
990 428 1261 474 multitudine
1299 444 1401 473 aux-

75 496 264 542 iliorum:
295 496 575 542 censebantur
591 500 684 554 ejus
704 496 841 542 aetatis
862 494 1007 540 lustris
1024 493 1186 538 ducena
1201 493 1401 552 quinqua-

76 576 186 617 gena
203 561 333 606 millia
353 561 558 619 capitum:
591 562 734 619 itaque
748 560 793 605 in
813 559 927 604 omni
942 558 1176 603 defectione
1193 558 1400 602 sociorum

74 625 220 671 Latini
238 626 419 671 nominis
439 626 600 670 urbano
616 640 746 683 prope
767 624 925 669 dilectu
946 623 1088 667 decem
1110 621 1401 668 scribebantur

73 691 287 747 legiones:
341 690 536 749 quaterni
576 689 776 747 quinique
811 687 1022 733 exercitus
1063 702 1173 744 saepe
1213 702 1289 744 per
1328 702 1400 732 eos

73 770 204 800 annos
240 755 285 800 in
314 754 489 800 Etruria
517 755 562 798 in
591 753 771 799 Umbria
802 752 931 797 Gallis
962 751 1155 796 hostibus
1188 751 1399 809 adjunctis

69 820 118 863 in
151 819 320 864 Samnio
354 820 400 864 in
433 818 619 864 Lucanis
655 817 857 875 gerebant
891 815 1073 861 bellum:
1116 815 1288 860 Latium
1329 817 1400 861 de·

70 883 168 929 inde
197 898 321 928 omne
350 898 447 928 cum
479 883 643 927 Sabinis
674 885 717 927 et
747 880 918 926 Vulscis
949 883 992 924 et
1023 879 1175 938 AEquis
1211 883 1254 924 et
1285 881 1399 926 omni

71 948 300 1006 Campania
338 951 382 993 et
421 950 542 1006 parte
582 946 771 991 Umbriae
810 944 1077 1003 Etruriaeque
1123 948 1167 989 et
1215 944 1399 990 Picenti-

69 1012 149 1058 bus
184 1017 228 1058 et
262 1012 419 1057 Marsis
454 1011 724 1070 Pelignisque
759 1025 807 1055 ac
842 1009 1032 1054 Vestinis
1069 1012 1196 1068 atque
1230 1010 1394 1069 Apulis,

69 1076 267 1135 adjuncta
305 1077 417 1122 omni
447 1091 522 1120 ora
552 1077 794 1121 Graecorum
834 1074 960 1119 inferi
999 1073 1125 1117 maris
1163 1088 1187 1117 a
1227 1073 1396 1120 Thuriis

67 1141 293 1200 Neapolim
323 1145 367 1186 et
398 1141 554 1186 Cumas
585 1144 629 1185 et
657 1140 754 1185 inde
782 1140 914 1184 Antio
947 1142 1075 1196 atque
1106 1138 1239 1182 Ostiis
1270 1143 1396 1183 tenus

70 1206 293 1260 Samnites,
324 1210 398 1250 aut
427 1206 562 1250 socios
592 1205 751 1250 validos
776 1203 980 1249 Romanis
1009 1206 1082 1247 aut
1103 1202 1260 1247 fractos
1287 1202 1396 1248 bello

66 1271 297 1316 invenisset
335 1271 494 1315 hostes.
574 1270 675 1327 Ipse
709 1269 949 1328 trajecisset
989 1283 1104 1312 mare
1144 1283 1240 1312 cum
1279 1272 1436 1318 vete-2

65 1335 180 1380 ranis
206 1334 513 1380 Macedonibus
541 1349 626 1379 non
646 1335 742 1392 plus
771 1334 951 1392 triginta
974 1332 1158 1377 millibus
1180 1333 1394 1377 hominum

66 1409 110 1444 et
150 1403 353 1458 quattuor
392 1398 576 1444 millibus
616 1399 808 1458 equitum
847 1398 1027 1442 maxime
1067 1396 1392 1445 Thessalorum:

65 1464 146 1510 hoc
180 1464 291 1509 enim
326 1463 488 1508 roboris
524 1466 640 1508 erat:
683 1463 836 1508 Persas
871 1462 1004 1507 Indos
1040 1461 1224 1520 aliasque
1260 1461 1294 1506 si
1326 1462 1395 1506 ad-

60 1528 275 1588 junxisset
301 1531 464 1588 genteri,
494 1527 842 1586 impedimentum
870 1527 1006 1586 majus
1038 1542 1162 1584 quam
1193 1526 1394 1571 auxilium

64 1591 448 1643 traheret.xAdde
479 1592 592 1650 quod
622 1593 826 1638 Romanis
857 1594 910 1636 ad
941 1607 1113 1636 manum
1148 1590 1261 1635 domi
1296 1607 1394 1649 sup—
1412 1604 1436 1640 3

64 1657 323 1716 plementum
359 1661 484 1710 esset,
521 1656 936 1716 Alexandro—-quod
977 1659 1123 1714 postea
1163 1655 1395 1701 Hannibali

65 1722 412 1767 accidit—alieno
439 1721 484 1766 in
511 1736 613 1780 agro
640 1721 815 1766 bellanti
846 1722 1057 1766 exercitus
1089 1720 1391 1765 consenuisset.

63 1788 195 1831 Arma
232 1787 393 1845 clipeus
434 1786 658 1844 sarisaeque
692 1786 787 1841 illis,
824 1786 1018 1830 Romano
1053 1788 1223 1830 scutum
1257 1785 1434 1843 majus4

63 1851 229 1910 corpori
257 1855 552 1910 tegumentum
584 1854 628 1895 et
658 1850 791 1908 pilum
819 1850 933 1895 haud
959 1850 1085 1908 paulo
1116 1865 1237 1908 quam
1269 1849 1393 1894 hasta

62 1915 354 1961 vehementius
383 1915 474 1960 ictu
504 1915 721 1974 missuque
756 1915 901 1960 telum.
965 1914 1177 1959 Statarius
1212 1917 1391 1974 uterque
1408 1927 1430 1963 5

61 1979 181 2026 miles
215 1979 383 2026 ordines
419 1995 615 2025 servans:
653 1979 727 2024 sed
762 1979 832 2024 illa
870 1977 1053 2038 phalanx
1088 1978 1311 2024 immobilis
1347 1984 1390 2024 et

61 2045 189 2090 unius
228 2045 407 2104 generis,
447 2045 642 2089 Romana
676 2045 786 2090 acies
822 2044 1073 2098 distinctior,
1109 2059 1161 2090 ex
1197 2043 1388 2102 pluribus

61 2109 254 2167 partibus
280 2113 493 2162 constans,
523 2109 657 2154 facilis
687 2109 889 2167 partienti
915 2123 1177 2168 quacumque
1198 2123 1304 2166 opus
1325 2123 1390 2153 es-

63 2177 141 2226 set,
172 2173 307 2219 facilis
332 2173 544 2233 jungenti.
604 2174 698 2218 Jam
735 2174 780 2218 in
810 2189 935 2232 opere
966 2173 1059 2232 quis
1089 2188 1165 2233 par
1194 2173 1426 2221 Romano6

62 2237 195 2295 miles,
223 2239 318 2306 quis
344 2237 400 2286 ad
423 2238 689 2286 tolerandum
715 2238 897 2286 laborem
926 2238 1104 2287 melior?
1134 2252 1220 2285 uno
1239 2237 1386 2301 proelio
