1649 2452
247 112 325 151 388
565 109 611 150 T.
633 109 788 148 LIVII
818 108 1237 148 HISTORIARUM
1361 162 1419 203 [A.
1435 164 1462 195 c
1488 163 1549 197 382

243 202 446 249 indicium
467 205 638 262 cogeret
666 206 740 248 aut
767 204 892 249 fateri
919 204 1082 250 facinus
1108 203 1341 249 insimulati
1359 205 1467 249 falso
1488 207 1563 250 cri-

243 268 354 313 mine
385 271 556 312 senatus
587 267 819 326 oblataeque
854 268 951 313 vani
981 268 1087 313 furti
1122 268 1302 321 invidiae,
1340 275 1564 327 negantem

244 331 417 377 arbitrio
439 332 701 376 inimicorum
722 348 767 376 se
787 332 1061 390 loquuturum
1081 333 1127 377 in
1147 333 1284 377 vincla
1305 332 1402 378 duci
1416 334 1561 390 jussit.

204 404 228 441 2
242 398 453 454 Arreptus
475 412 500 440 a
519 397 679 441 viatore
711 401 736 419 “
752 397 779 440 J
781 397 975 454 uppiter’'
1006 397 1142 455 inquit
1167 400 1190 420 “
1207 398 1364 454 optime
1386 398 1563 442 maxime

241 461 438 519 Junoque
465 461 613 517 regina
641 476 688 505 ac
716 461 914 505 Minerva
941 461 1165 519 caeterique
1194 461 1252 505 dii
1279 461 1462 520 deaeque,
1492 462 1564 520 qui

243 524 497 583 Capitolium
529 540 749 582 arcemque
779 524 974 578 incolitis,
1008 525 1137 569 sicine
1167 533 1352 569 vestrum
1387 526 1561 570 militem

244 605 292 634 ac
313 588 531 647 praesidem
552 589 692 633 sinitis
714 589 856 632 vexari
878 589 929 633 ab
957 589 1162 634 inimicis?
1194 590 1282 634 haec
1304 589 1464 646 dextra,
1482 606 1564 648 qua

246 654 384 698 Gallos
406 653 497 697 fudi
529 669 554 698 a
581 653 764 698 delubris
793 655 958 707 vestris,
975 656 1066 711 jam
1092 654 1137 698 in
1163 654 1310 698 vinclis
1340 659 1383 699 et
1405 655 1563 699 catenis

205 717 324 762 3erit
340 718 387 762 ?”
420 717 591 762 Nullius
623 733 700 761 nec
731 717 841 761 oculi
869 732 947 762 nec
978 733 1101 761 aures
1132 717 1427 776 indignitatem
1457 720 1563 763 sere·

240 783 357 837 bant,
378 783 453 827 sed
472 783 629 827 invicta
649 782 729 827 sibi
756 781 945 840 quaedam
975 782 1282 839 patientissima
1306 782 1413 840 justi
1432 783 1562 841 impe-

240 847 292 892 rii
314 848 461 892 civitas
482 847 652 900 fecerat,
675 861 753 891 nec
776 845 976 890 adversus
999 845 1263 890 dictatoriam
1285 846 1370 889 vim
1392 850 1465 889 aut
1485 846 1562 890 tri-

239 910 342 956 buni
369 911 502 969 plebis
530 914 604 954 aut
633 911 725 968 ipsa
745 910 862 968 plebs
891 909 1092 954 adtollere
1120 910 1264 954 oculos
1295 914 1369 953 aut
1399 909 1560 954 hiscere

205 975 462 1020 4audebant.
527 975 724 1032 Conjecto
752 975 798 1019 in
827 989 1036 1019 carcerem
1067 974 1229 1018 Manlio
1261 974 1363 1018 satis
1394 977 1560 1018 constat

240 1056 432 1098 magnam
454 1042 611 1097 partem
637 1039 769 1097 plebis
787 1042 946 1083 vestem
967 1040 1167 1091 mutasse,
1185 1038 1340 1082 multos
1363 1038 1559 1083 mortales

239 1104 435 1162 capillum
456 1119 504 1148 ac
526 1103 697 1148 barbam
718 1103 973 1161 promisisse,
989 1103 1336 1160 obversatamque
1351 1102 1560 1148 vestibulo

203 1169 415 1213 5carceris
443 1172 633 1212 maestam
663 1168 844 1213 turbam.
906 1167 1104 1212 Dictator
1133 1167 1184 1211 de
1212 1167 1382 1211 Vulscis
1411 1167 1561 1211 trium-

238 1233 383 1291 phavit
413 1232 665 1291 invidiaeque
696 1233 830 1290 magis
861 1232 1101 1289 triumphus
1131 1247 1256 1290 quam
1283 1231 1425 1290 gloriae
1450 1231 1557 1276 fuit:

238 1298 393 1356 quippe
430 1297 542 1341 domi
577 1313 662 1341 non
696 1297 855 1342 militiae
891 1302 1059 1355 partum
1095 1312 1205 1349 eum,
1243 1302 1466 1354 actumque
1508 1296 1560 1341 de

239 1362 328 1406 cive
358 1377 443 1406 non
473 1361 525 1406 de
555 1361 678 1406 hoste
714 1361 975 1406 fremebant:
1009 1377 1142 1406 unum
1173 1360 1357 1405 defuisse
1392 1363 1559 1405 tantum

239 1426 456 1484 superbiae,
482 1425 593 1484 quod
614 1442 698 1470 non
719 1426 781 1470 M.
801 1426 988 1470 Manlius
1010 1430 1108 1470 ante
1129 1441 1297 1470 currum
1315 1425 1370 1469 sit
1392 1424 1557 1470 ductus.

204 1504 225 1535 o
239 1491 418 1549 Jamque
438 1490 552 1535 haud
580 1490 725 1549 procul
753 1490 958 1535 seditione
979 1506 1046 1535 res
1067 1494 1183 1534 erat:
1216 1492 1338 1547 cujus
1358 1489 1559 1534 leniendae

239 1571 365 1600 causa
393 1555 634 1613 postulante
662 1555 777 1600 nullo
805 1555 981 1614 largitor
1008 1555 1271 1599 voluntarius
1299 1558 1471 1611 repente
1496 1569 1560 1598 56-

238 1626 364 1664 natus
395 1619 533 1664 factus
567 1621 776 1664 Satricum
805 1620 1008 1664 coloniam
1033 1619 1116 1663 duo
1138 1618 1267 1664 millia
1292 1618 1446 1663 civium
1474 1619 1559 1663 Ro·

237 1701 454 1730 manorum
491 1685 643 1730 deduci
673 1686 829 1744 jussit:
862 1686 960 1731 bina
984 1686 1136 1743 jugera
1170 1688 1213 1729 et
1245 1684 1437 1729 semisses
1468 1686 1559 1743 agri

204 1750 460 1810 Tadsignati.
525 1751 648 1804 Quod
677 1767 806 1809 quum
836 1754 879 1795 et
907 1766 1080 1809 parvum
1111 1753 1155 1794 et
1184 1749 1326 1808 paucis
1348 1749 1493 1793 datum
1515 1760 1558 1794 et

237 1815 470 1860 mercedem
511 1830 603 1860 6556
645 1814 848 1873 prodendi
888 1815 952 1859 M.
975 1814 1126 1859 Manlii
1162 1814 1555 1871 interpretarentur,

237 1878 420 1924 remedio
442 1879 633 1924 irritatur
659 1879 836 1924 seditio:
869 1879 1014 1937 etjam
1043 1879 1177 1937 magis
1205 1878 1381 1935 insignis
1407 1882 1449 1922 et
1471 1893 1559 1923 sor-

238 1943 360 1988 dibus
388 1948 432 1988 et
460 1943 565 1988 facie
594 1960 760 1988 reorum
788 1943 915 1988 turba
942 1943 1158 1988 Manliana
1183 1946 1288 1995 erat,
1309 1947 1557 2001 amotusque

236 2012 334 2067 post
366 2008 627 2066 triumphum
663 2009 925 2053 abdicatione
962 2007 1183 2052 dictaturae
1222 2010 1361 2051 terror
1401 2011 1444 2051 et
1480 2007 1558 2052 lin-

129 2072 218 2130 (17)
236 2088 362 2132 guam
398 2076 441 2117 et
478 2073 637 2118 animos
683 2073 932 2118 liberaverat
974 2072 1202 2117 hominum.
1264 2071 1558 2117 Audiebantur

236 2138 380 2196 itaque
400 2137 614 2196 propalam
634 2153 757 2183 voces
778 2137 1121 2196 exprobrantium
1143 2136 1422 2189 multitudini,
1444 2136 1557 2193 quod

237 2201 477 2247 defensores
518 2218 617 2247 suos
659 2218 823 2261 semper
862 2202 906 2247 in
942 2202 1197 2260 praecipitem
1238 2200 1377 2246 locum
1414 2200 1555 2245 favore

236 2265 371 2323 tonat,
393 2268 585 2314 deinde
572 2283 618 2313 m
648 2267 741 2326 ipso
769 2266 1006 2313 discrimine
1034 2265 1208 2327 periculi
1230 2265 1463 2311 destituat:
1494 2265 1554 2319 sic
