1649 2452
188 91 266 128 462
509 87 555 124 T.
588 85 738 124 LIVII
769 85 1190 124 HISTORIARUM
1305 138 1352 177 [A
1381 139 1407 170 c
1433 138 1494 171 340

142 191 165 227 5
185 183 231 228 in
250 180 460 227 vestibulo
481 179 607 225 curiae
634 179 962 237 procubuerunt.
1026 179 1234 224 Commoti
1254 184 1397 237 patres
1416 179 1507 224 viee

185 247 452 291 fortunarum
491 245 780 296 humanarum,
813 244 850 288 si
878 244 948 289 ille
977 247 1216 302 praepotcns
1247 243 1397 301 opibus
1432 256 1507 301 po-

185 311 310 370 pulus
330 310 497 355 luxuria
517 308 795 366 superbiaque
816 308 965 362 clarus,
989 324 1014 353 a
1034 324 1117 367 quo
1139 308 1263 366 paulo
1285 311 1383 352 ante
1406 323 1508 352 aux-

183 377 302 421 ilium
332 374 500 419 fim'timi
529 373 750 430 petissent,
774 372 877 417 adeo
904 373 1106 418 infractos
1137 374 1303 430 gereret
1332 373 1505 426 animos,

140 447 163 484 6
183 444 232 485 ut
254 456 299 484 se
318 439 410 497 ipse
431 452 590 494 suaque
610 437 750 480 omnia
768 438 993 494 potestatis
1015 437 1158 482 alienae
1174 437 1345 481 faceret.
1397 437 1507 481 Tum

177 509 267 562 J'am
287 504 390 548 fides
413 503 481 560 agi
501 502 591 546 visa
612 500 776 546 deditos
797 517 882 546 non
902 501 1034 560 prodi,
1057 517 1135 546 nec
1155 501 1367 545 facturum
1389 516 1509 559 aequa

185 568 436 614 Samnitium
459 566 660 625 populum
689 565 928 621 censebant,
950 565 986 610 si
1013 581 1161 624 agrum
1181 565 1412 623 urbemque
1435 581 1508 623 per

142 638 163 679 7
183 633 437 678 deditionem
477 631 632 675 factam
664 630 809 688 populi
842 630 1027 674 Romani
1058 634 1363 687 oppugnarent.
1426 630 1508 679 Le,-

182 701 304 756 gatos
326 698 469 755 itaque
494 694 705 751 extemplo
735 694 849 739 mitti
877 694 930 738 ad
952 695 1162 738 Samnites
1189 693 1374 751 placuit:
1408 694 1508 738 data

182 761 380 806 mandata
418 766 468 804 ut
508 774 653 817 preces
691 759 1013 817 Campanorum,
1045 773 1294 816 responsum
1335 762 1507 803 senatus

183 826 377 871 amicitiae
409 824 661 869 Samnitium
690 839 862 876 memor,
893 823 1148 868 deditionem
1179 826 1393 879 postremo
1422 823 1508 868 fac-

182 894 272 935 tam
314 888 572 934 Samnitibus
614 892 901 945 exponerent:
952 891 1146 946 peterent
1186 901 1263 945 pro
1305 887 1507 932 societate

183 953 459 1012 amicitiaque,
487 956 537 997 ut
567 952 774 997 dediticiis
803 953 891 997 suis
919 955 1140 1010 parcerent
1169 966 1307 1010 neque
1336 951 1382 995 in
1411 965 1507 996 eum

183 1034 342 1078 agrum,
377 1018 450 1076 qui
478 1017 624 1075 populi
654 1017 836 1062 Romani
865 1017 1003 1062 factus
1035 1018 1160 1069 esset,
1191 1015 1364 1060 hostilia
1392 1031 1508 1060 arma

143 1090 165 1126 8
182 1084 399 1128 inferrent.
463 1082 509 1127 Si
547 1081 698 1126 leniter
739 1081 901 1140 agendo
941 1097 1090 1139 parum
1130 1080 1392 1138 proficerent,
1435 1080 1508 1125 de-

181 1148 428 1193 nuntiarent
460 1146 718 1191 Samnitibus
747 1146 893 1204 populi
921 1145 1105 1190 Romani
1133 1148 1388 1203 senatusque
1416 1160 1507 1189 ver·

143 1219 165 1255 9
183 1214 258 1269 bis,
275 1217 326 1257 ut
343 1212 490 1269 Capua
509 1210 614 1255 urbe
631 1211 928 1269 Campanoque
951 1226 1052 1268 agro
1075 1209 1347 1254 abstinerent.
1399 1210 1508 1254 Haec

181 1277 332 1336 legatis
365 1275 589 1334 agentibus
620 1275 665 1320 in
685 1275 860 1320 concilio
891 1274 1143 1319 Samnitium
1174 1273 1277 1318 adeo
1305 1277 1370 1318 est
1397 1273 1507 1318 fero-

182 1342 288 1386 citer
307 1355 568 1398 responsum,
586 1343 637 1384 ut
658 1355 744 1383 non
764 1339 899 1384 solum
921 1342 1117 1397 gesturos
1140 1353 1185 1383 se
1207 1353 1299 1383 esse
1319 1337 1507 1382 dicerent

181 1406 225 1450 id
244 1405 413 1458 bellum,
438 1404 512 1448 sed
532 1404 806 1462 magistratus
836 1420 977 1449 eorum
1009 1419 1032 1448 e
1064 1403 1181 1448 curia
1207 1403 1366 1461 egressi
1395 1407 1507 1447 stan·
1620 1400 1629 1480 ι

182 1470 297 1515 tibus
318 1469 469 1528 legatis
498 1469 721 1524 praefectos
749 1469 986 1514 cohortium
1007 1471 1208 1513 vocarent
1235 1467 1370 1525 iisque
1397 1466 1508 1512 clara

182 1550 284 1580 voce
303 1534 571 1592 imperarent,
594 1536 644 1577 ut
665 1533 899 1591 praedatum
919 1533 964 1578 in
984 1548 1132 1591 agrum
1154 1533 1415 1591 Campanum
1435 1547 1507 1577 ex-

182 1598 341 1657 templo
361 1598 739 1656 proficiscerentur.

63 1673 169 1725 (32)
243 1664 341 1708 Hac
361 1663 572 1720 legatione
593 1663 773 1708 Romam
795 1662 927 1707 relata
947 1662 1097 1721 positis
1119 1661 1305 1708 omnium
1333 1660 1507 1706 aliarum

184 1743 324 1773 rerum
356 1727 468 1773 curis
498 1731 641 1786 patres
673 1728 884 1773 fetialibus
914 1728 966 1772 ad
993 1743 1060 1773 res
1091 1726 1340 1785 repetendas
1367 1726 1506 1770 missis

184 1793 390 1850 belloque,
417 1793 516 1850 quia
544 1807 631 1837 non
659 1792 948 1846 redderentur,
982 1792 1173 1838 sollemni
1201 1806 1317 1836 more
1347 1789 1506 1835 indicto

184 1857 471 1911 decreverunt,
507 1861 557 1901 ut
597 1857 733 1915 primo
769 1872 937 1916 quoque
972 1862 1163 1916 tempore
1203 1856 1255 1902 de
1288 1871 1339 1900 ea
1373 1870 1419 1900 re
1454 1855 1508 1900 ad

182 1922 384 1980 populum
408 1923 616 1966 ferretur:
643 1925 855 1980 jussuque
876 1922 1020 1980 populi
1041 1921 1233 1967 consules
1261 1920 1382 1965 ambo
1411 1935 1506 1965 cum

184 1985 347 2031 duobus
376 1987 630 2031 exercitibus
660 1987 711 2032 ab
740 1987 844 2032 urbe
872 1987 1063 2045 profecti,
1086 1986 1281 2032 Valerius
1309 1986 1355 2030 in
1383 1985 1507 2030 Cam·

182 2051 348 2108 paniam
371 2051 592 2096 Cornelius
613 2052 659 2096 iu
681 2052 909 2105 Samnium,
932 2051 1000 2097 ille
1022 2051 1075 2096 ad
1102 2056 1289 2096 montem
1318 2051 1507 2096 Gaurum

140 2123 164 2169 2
181 2115 250 2160 hic
277 2115 330 2160 ad
359 2116 586 2161 Saticulam
614 2120 754 2162 castra
779 2123 957 2176 ponunt.
1018 2117 1158 2162 Priori
1184 2115 1354 2161 Valerio
1389 2115 1507 2160 Sam·

180 2180 333 2224 uitium
353 2179 650 2238 legiones—eo
677 2197 858 2240 namque
885 2196 1051 2227 ornnem
1080 2181 1180 2228 belli
1207 2181 1361 2228 molem
1387 2179 1506 2227 incli-

170 2251 377 2303 naturam
395 2245 934 2307 censebant-occurrunt3
967 2247 1092 2319 simul
1112 2247 1157 2310 iu
1178 2246 1415 2320 Campanos
1431 2245 1504 2310 sti*
