1649 2452
246 115 326 153 434
564 113 611 152 T.
640 111 789 151 LIVH
822 110 1238 152 HISTORIARUM
1356 165 1403 206 [Δ
1432 165 1460 197 c
1483 166 1545 199 8⁵8

245 207 432 253 videam:
463 208 501 253 si
525 211 577 253 tu
602 208 827 266 permittis,
848 209 942 254 volo
969 223 1047 266 ego
1074 208 1135 253 illi
1163 207 1297 253 beluae
1324 207 1556 262 ostendero,

247 273 412 330 quando
440 273 543 318 adeo
574 273 692 317 ferox
712 273 930 330 praesultat
959 274 1145 318 hostium
1174 273 1319 332 signiS,
1339 288 1407 317 me
1437 287 1490 316 ex
1510 286 1560 316 ea

246 338 402 382 familia
432 342 587 391 ortum,
620 353 711 396 quae
743 337 957 382 Gallorum
986 353 1137 396 agmen
1166 353 1220 382 ex
1248 352 1354 396 rupe
1383 337 1560 395 Tarpeia

207 410 229 446 3
247 402 440 460 dejecit.''
500 403 609 447 Tum
640 403 821 447 dictator
853 403 1036 448 “Macte
1076 403 1262 447 virtute'’
1293 402 1431 461 inquit
1465 407 1492 424 “
1511 416 1559 446 ac

246 468 403 525 pietate
433 467 478 512 in
516 471 679 524 patrem
714 467 988 526 patriamque,
1020 468 1067 512 Τ.
1091 467 1238 521 Manli,
1271 472 1390 512 esto:
1432 480 1560 524 perge

245 535 288 576 et
308 547 462 576 nomen
488 532 728 576 Romanum
761 532 965 576 invictum
981 531 1226 590 juvantibus
1254 532 1333 576 diis
1364 531 1557 590 praesta.”

204 601 230 638 4·
246 598 423 641 Armant
444 596 540 641 inde
559 597 757 654 juvenem
784 597 990 654 aequales:
1022 596 1216 654 pedestre
1244 601 1412 641 scutum
1433 595 1557 652 capit,

246 662 438 719 Hispano
468 661 654 719 cingitur
684 660 823 717 gladio
849 661 901 705 ad
929 661 1165 719 propiorem
1194 659 1323 705 habili
1349 675 1558 718 pugnam:

245 730 451 770 armatum
473 725 802 783 adornatumque
831 725 1030 769 adversus
1059 724 1226 769 Gallum
1247 724 1398 769 stolide
1417 725 1561 769 laetum

245 791 542 848 et-——quoniam
573 789 617 834 id
648 805 814 847 quoque
843 789 1043 834 memoria
1078 788 1251 848 dignum
1286 789 1473 847 antiquis
1503 789 1561 833 vi-

245 871 337 898 sum
369 855 681 912 est—linguam
710 855 837 899 etiam
867 854 918 899 ab
953 855 1080 898 irrisu
1113 858 1376 899 exserentem
1410 854 1562 911 produ-

205 925 227 961 5
246 923 359 963 cunt.
421 919 653 977 Recipiunt
673 919 770 963 inde
791 934 837 964 se
858 919 910 963 ad
931 919 1170 974 stationem,
1191 923 1234 963 et
1256 918 1340 963 duo
1359 919 1405 963 in
1424 918 1561 963 medio

245 983 394 1027 armati
434 983 662 1042 spectaculi
696 984 829 1042 magis
864 999 979 1028 more
1015 999 1139 1041 quam
1173 982 1266 1041 lege
1300 982 1401 1028 belli
1435 980 1563 1027 desti-

244 1051 427 1092 tuuntur
453 1062 716 1106 nequaquam
743 1048 838 1092 visu
863 1063 911 1092 ac
933 1049 1070 1105 specie
1099 1047 1404 1092 aestimantibus
1426 1063 1560 1106 pares.

205 1115 227 1153 6
247 1111 410 1170 Corpus
447 1112 567 1157 alteri
603 1112 892 1171 magnitudine
927 1112 1137 1166 eximium,
1174 1111 1415 1157 versicolori
1443 1115 1563 1157 veste

243 1177 451 1235 pictisque
486 1182 529 1221 et
565 1192 666 1221 auro
702 1177 858 1221 caelatis
897 1177 1110 1235 refulgens
1152 1178 1303 1221 armis:
1343 1176 1481 1221 media
1518 1177 1564 1221 in

245 1241 376 1285 altero
411 1241 602 1286 militaris
638 1245 803 1286 statura
835 1242 1082 1299 modicaque
1116 1241 1159 1286 in
1194 1241 1320 1286 armis
1353 1241 1562 1286 habilibus

243 1307 377 1364 magis
406 1322 529 1364 quam
558 1306 718 1351 decoris
747 1307 925 1363 species:
957 1322 1042 1351 non
1062 1311 1210 1351 cantus
1231 1321 1317 1351 non
1336 1305 1562 1359 exsultatio

245 1386 538 1429 armorumque
559 1372 734 1430 agitatio
755 1387 873 1427 vana,
894 1371 968 1416 sed
988 1375 1134 1430 pectus
1156 1371 1388 1415 animorum
1407 1371 1563 1427 iraeque

244 1435 384 1480 tacitae
424 1436 592 1493 plenum
633 1451 795 1481 omnem
837 1436 1032 1481 ferociam
1072 1436 1117 1480 in
1163 1436 1387 1480 discrimen
1423 1436 1564 1492 ipsum

207 1507 228 1546 7
246 1500 483 1544 certaminis
513 1500 748 1545 distulerat.
808 1501 897 1546 Ubi
924 1501 1151 1546 constitere
1178 1502 1289 1546 inter
1319 1500 1423 1545 duas
1454 1500 1563 1546 acies

246 1568 312 1608 tot
347 1565 457 1610 circa
486 1566 724 1610 mortalium
757 1566 903 1610 animis
935 1581 1008 1624 spe
1040 1570 1238 1623 metuque
1268 1565 1561 1624 pendentibus,

247 1629 391 1674 Gallus
431 1629 547 1674 velut
588 1631 717 1675 moles
761 1645 938 1688 superne
978 1631 1198 1676 imminens
1237 1631 1426 1689 projecto
1460 1629 1565 1675 laeva

247 1699 368 1738 scuto
394 1695 437 1739 in
466 1695 724 1739 advenientis
752 1710 867 1739 arma
891 1696 1025 1740 hostis
1047 1710 1199 1740 vanum
1220 1696 1359 1740 caesim
1379 1709 1475 1740 oum
1501 1695 1565 1739 in-

245 1759 364 1816 genti
384 1761 526 1804 sonitu
547 1775 687 1805 ensem
709 1759 879 1817 dejecit:
912 1760 1130 1805 Romanus
1150 1775 1348 1805 mucrone
1368 1759 1565 1804 subrecto

246 1840 376 1882 quum
404 1828 525 1870 scuto
556 1829 723 1870 scutum
753 1825 883 1870 imum
913 1825 1160 1884 perculisset
1189 1829 1365 1883 totoque
1393 1840 1566 1883 corpore

246 1889 420 1933 interior
467 1890 651 1947 periculo
690 1890 875 1935 vulneris
911 1890 1049 1935 factus
1084 1890 1341 1935 insinuasset
1375 1905 1420 1934 se
1455 1890 1566 1934 inter

246 1967 398 2011 corpus
433 1969 642 2013 armaque,
674 1970 758 1999 uno
794 1954 1008 2014 alteroque
1043 1954 1218 2000 subinde
1253 1955 1343 1999 ictu
1375 1959 1566 1999 ventrem

247 2021 373 2076 atque
413 2019 586 2076 inguina
625 2019 766 2064 hausit
806 2023 850 2064 et
889 2020 934 2064 in
969 2020 1151 2078 spatium
1185 2020 1334 2078 ingens
1374 2023 1567 2064 ruentem

245 2083 433 2140 porrexit
473 2084 664 2129 hostem:
699 2084 881 2142 jacentis
920 2084 1017 2129 inde
1057 2099 1208 2142 corpus
1248 2084 1301 2129 ab
1340 2085 1454 2129 omni
1488 2084 1569 2129 alia

246 2148 468 2193 vexatione
511 2149 718 2194 intactum
761 2164 847 2195 uno
891 2153 1042 2208 torque
1086 2150 1292 2208 spoliavit,
1335 2165 1460 2208 quem
1503 2165 1568 2195 re—

209 2223 231 2263 8
249 2228 438 2271 spersum
459 2228 607 2258 cruore
629 2215 734 2260 collo
756 2215 1029 2261 circumdedit
1051 2229 1140 2260 suo,
1202 2215 1418 2260 Defixerat
1438 2229 1570 2273 pavor

248 2293 345 2335 curu
383 2277 657 2334 admiratione
693 2281 859 2336 Gallos;
893 2281 1074 2331 Romani
1109 2280 1264 2329 alacres
1299 2280 1351 2332 ab
1385 2281 1568 2337 statione
