1649 2452
206 78 284 117 478
495 77 540 118 Τ.
569 77 682 118 LIV.
712 80 860 121 HIST.
891 80 1002 120 LIB.
1032 79 1131 118 VII.
1163 80 1223 116 42.
1325 127 1374 171 [A
1401 129 1428 161 c
1453 129 1515 162 839

206 184 343 230 neque
377 173 476 216 ante
516 186 641 229 quam
677 173 857 217 Romam
891 173 1105 218 veniretur
1140 171 1215 216 sed
1253 171 1402 216 Romae
1436 185 1527 216 eam

206 235 519 280 multitudinem
541 237 856 294 conjuratorum
883 237 936 281 ad
957 253 1071 281 arma
1091 240 1403 282 consternatam
1422 250 1527 291 esse,

206 315 285 346 nec
310 301 357 344 in
381 301 430 344 Τ.
452 301 644 348 Quinctii
671 300 811 344 villam
839 300 912 345 sed
939 301 984 345 in
1011 301 1120 346 aedes
1152 301 1199 345 C.
1222 301 1375 344 Manlii
1403 303 1527 345 nocte

205 364 412 424 impetum
445 365 604 410 factum
641 380 820 422 eumque
856 380 881 409 a
916 367 1144 423 conjuratis
1181 365 1527 423 comprehensum

206 432 256 474 ut
284 429 371 474 dux
397 429 544 474 fieret:
576 428 674 474 inde
701 429 753 473 ad
782 433 980 487 quartum
1000 430 1179 488 lapidem
1199 430 1410 487 profectos
1434 429 1527 474 loco

207 494 371 539 munito
392 494 630 539 consedisse
649 509 728 539 nec
748 493 800 538 ab
824 493 999 539 ducibus
1019 495 1275 539 mentionem
1295 493 1527 539 concordiae

206 562 342 604 ortam
383 559 458 603 sed
495 562 682 617 repente,
722 574 851 617 quum
885 559 931 603 in
965 559 1096 604 aciem
1131 559 1281 603 armati
1315 558 1526 603 exercitus

205 624 523 682 processissent,
544 619 840 668 salutationem
859 623 1015 668 factam
1040 627 1083 668 et
1103 624 1334 682 permixtos
1355 623 1526 668 dextras

202 689 382 748 jungere
412 703 461 734 ac
491 688 713 747 complecti
741 688 853 733 inter
883 703 929 733 se
958 688 1224 733 lacrimantes
1258 687 1414 732 milites
1445 703 1526 733 coe-

205 753 329 812 pisse,
353 756 604 812 coactosque
625 753 831 807 consules,
854 768 987 811 quum
1007 753 1200 798 viderent
1229 767 1396 797 aversos
1419 767 1444 796 a
1464 753 1525 797 di-

203 818 428 864 micatione
454 818 636 863 militum
663 818 837 871 animos,
866 818 1080 863 rettulisse
1108 818 1160 862 ad
1187 821 1328 876 patres
1357 816 1409 861 de
1429 832 1527 862 con-

168 883 346 932 3cordia
383 883 700 930 reconcilianda.
760 883 879 928 Adeo
919 883 1023 927 nihil
1061 886 1214 941 praeter
1254 897 1379 940 quam
1419 882 1526 926 sedi·

202 947 362 993 tionem
381 948 513 994 fuisse
534 964 708 1008 eamque
735 948 1010 1006 compositam
1037 949 1149 992 inter
1169 947 1364 1006 antiquos
1383 962 1524 992 rerum

164 1018 396 1063 4auctores
437 1018 617 1060 constat.
690 1015 750 1060 Et
789 1015 915 1073 hujus
956 1015 1068 1059 fama
1102 1014 1319 1059 seditionis
1354 1016 1398 1058 et
1433 1028 1525 1058 sus-

202 1084 372 1138 ceptum
387 1095 482 1126 cum
502 1079 759 1125 Samnitibus
781 1095 908 1139 grave
927 1079 1082 1124 bellum
1100 1079 1258 1137 aliquot
1279 1078 1455 1137 populos
1472 1078 1524 1123 ab

201 1144 396 1189 Romana
415 1145 618 1191 societate
645 1145 810 1198 avertit,
834 1148 878 1189 et
904 1148 1058 1202 praeter
1077 1144 1326 1189 Latinorum
1348 1143 1524 1188 infidum

195 1211 286 1267 Jam
307 1209 380 1254 diu
398 1210 535 1256 foedus
555 1210 824 1255 Privernates
853 1210 979 1255 etiam
1000 1209 1191 1254 Norbam
1218 1211 1344 1266 atque
1366 1208 1523 1252 Setiam

200 1275 400 1320 finitimas
436 1275 620 1322 colonias
653 1275 869 1321 Romanas
899 1274 1138 1321 incursione
1170 1273 1311 1320 subita
1339 1273 1522 1333 depopu-

200 1339 277 1387 lati
297 1342 409 1387 sunt.
