1649 2452
502 136 618 188 Lm.
646 145 724 187 VI.
752 146 925 186 36-38.
1301 124 1383 174 41⁵

57 203 101 236 A.
118 203 157 237 C.
172 200 263 243 ὓῦᾰ]

57 244 256 304 patricios
287 255 412 288 nemo
450 233 650 287 tribunus
684 241 867 287 militum
901 238 1063 286 fuerit?
1093 237 1197 299 quin
1230 241 1378 285 contra

57 308 258 366 patricios
291 307 451 367 aliquot
481 305 700 352 damnatos
731 308 828 365 post
858 304 1136 358 tribunatum,
1165 304 1378 349 neminem

55 372 278 432 plebeium.
340 373 586 421 Quaestores
618 385 786 430 quoque
821 369 932 415 sient
967 368 1161 414 tribunos
1196 368 1378 413 militum
1394 377 1418 415 5

55 437 201 496 paucis
236 439 335 482 ante
370 436 490 481 annis
526 451 579 481 ex
613 435 735 494 plebe
770 437 930 493 coeptos
965 433 1110 487 creari,
1142 448 1223 478 nec
1250 432 1377 478 ullius

55 516 202 547 eorum
220 500 423 560 populum
442 500 681 546 Romanum
703 499 961 558 poenituisse.
1012 498 1290 543 Consulatum
1311 513 1378 543 su·
1393 507 1416 544 6

54 581 224 625 peresse
244 565 438 624 plebeiis:
471 581 562 610 eam
583 580 675 610 esse
697 580 834 609 arcem
853 563 1075 616 libertatis,
1098 562 1142 607 id
1163 562 1374 608 columen:

54 630 94 676 si
131 645 181 676 eo
220 634 470 690 perventum
511 630 580 684 sit,
623 632 716 674 tum
757 628 959 687 populum
998 627 1239 672 Romanum
1277 643 1377 672 vere

54 698 226 741 exactos
266 710 320 740 ex
354 694 458 740 urbe
497 710 619 753 reges
660 697 703 739 et
744 693 937 738 stabilem
977 691 1216 737 libertatem
1256 707 1378 736 suam

53 760 417 806 existimaturum:
450 760 604 818 quippe
639 774 692 803 ex
721 758 793 802 illa
828 757 894 802 die
926 757 971 801 in
1005 755 1169 815 plebem
1198 760 1379 801 ventura

53 825 193 870 omnia
220 824 372 884 quibus
400 824 566 882 patricii
593 822 812 875 excellant,
843 822 1063 880 imperium
1093 824 1220 880 atque
1247 821 1378 866 hono·

52 905 141 935 rem
172 889 348 949 gloriam
380 888 478 934 belli
508 904 642 947 genus
673 886 948 940 nobilitatem,
979 901 1132 946 magna
1160 886 1262 944 ipsis
1293 886 1378 930 fru-

53 953 172 1008 end&
204 956 363 1011 majora
392 953 533 998 liberis
564 951 848 1010 relinquenda.
909 951 1054 1009 Hujus
1090 951 1256 1010 generis
1287 960 1377 994 ora·
1396 960 1416 998 7

51 1019 188 1063 tiones
208 1017 283 1063 ubi
303 1017 436 1076 accipi
461 1017 617 1069 videre,
638 1032 790 1061 novam
817 1016 1079 1074 rogationem
1107 1014 1377 1073 promulgant

51 1085 102 1128 ut
137 1097 213 1141 pro
249 1082 481 1127 duumviris
517 1083 646 1127 sacris
681 1079 887 1125 faciundis
924 1079 1146 1124 decemviri
1183 1082 1379 1124 creentur

49 1147 123 1201 ita,
146 1150 196 1192 ut
222 1162 320 1205 pars
349 1162 403 1192 ex
429 1146 549 1206 plebe
579 1162 675 1205 pars
703 1162 756 1190 ex
782 1143 972 1203 patribus
1000 1145 1085 1197 fiat,
1109 1143 1378 1202 omniumque

52 1227 197 1257 earum
223 1211 492 1270 rogationum
523 1211 692 1256 comitia
719 1211 762 1255 111
790 1209 1017 1254 adventum
1045 1209 1137 1267 ejus
1166 1208 1375 1253 exercitus

51 1276 252 1321 differunt
292 1277 365 1335 qui
405 1276 592 1321 Velitras
633 1273 865 1320 obsidebat.
927 1274 1052 1318 Prius
1094 1273 1494 1330 circumactusfflg)

51 1344 117 1386 est
143 1356 278 1386 annus
310 1356 433 1400 quam
462 1356 488 1385 a
507 1340 682 1385 Velitris
711 1338 1014 1384 reducerentur
1042 1336 1241 1396 legiones.
1305 1337 1416 1383 Ita-2

51 1420 257 1464 suspensa
283 1404 335 1450 de
362 1403 527 1464 legibus
557 1420 625 1450 res
654 1404 707 1448 ad
736 1419 867 1448 novos
888 1375 1107 1448 tribunoso
1114 1400 1295 1446 militum
1317 1401 1375 1446 di·

49 1470 147 1522 lata
184 1485 284 1527 nam
317 1469 451 1528 plebis
485 1467 679 1514 tribunos
715 1467 1048 1514 eosdem—duos
1089 1466 1237 1525 utique
1279 1465 1376 1524 quia

48 1533 188 1592 legum
210 1485 368 1577 latores
389 1531 709 1590 erant—plebes
731 1530 956 1576 reficiebat.
997 1530 1174 1574 sribuni
1195 1530 1414 1575 militum3

49 1597 181 1642 creati
215 1597 263 1641 Τ.
287 1597 517 1645 Quinctius
560 1597 648 1641 Ser.
672 1596 892 1640 Cornelius
935 1595 1022 1639 Ser.
1049 1594 1259 1652 Sulpicius
1302 1595 1372 1652 Sp.

50 1661 253 1707 Servilius
292 1654 345 1706 L.
368 1660 563 1719 Papirius
607 1662 654 1704 L.
679 1661 897 1705 Veturius.
971 1659 1185 1716 Principio
1228 1659 1416 1705 stam-114

49 1726 148 1771 anni
182 1725 237 1770 ad
265 1725 458 1780 ,ultimam
495 1725 804 1770 dimicationem
836 1724 887 1769 de
918 1723 1082 1782 legibus
1113 1727 1300 1778 ventum,
1330 1730 1373 1768 et

49 1807 181 1850 quum
200 1789 338 1836 tribus
367 1794 620 1836 vocarentur
648 1805 726 1834 nec
752 1789 999 1843 intercessio
1029 1787 1285 1846 collegarum
1315 1787 1373 1832 13-

48 1856 213 1901 toribus
243 1854 445 1909 obstaret,
474 1853 630 1913 trepidi
658 1859 799 1911 patres
830 1852 884 1897 ad
914 1852 997 1897 duo
1027 1851 1175 1896 ultima
1206 1851 1371 1903 auxilia,

48 1936 261 1966 summum
289 1920 510 1978 imperium
541 1933 834 1976 summumque
867 1917 919 1961 ad
950 1918 1095 1970 civem,
1129 1915 1370 1961 decurrunt.

47 1984 314 2030 Dictatorem
353 1982 436 2029 dici
475 1982 639 2042 placet:
682 1981 836 2026 dicitur
876 1981 939 2025 M.
962 1980 1115 2025 Furius
1157 1980 1369 2035 CamilluS,
1391 1994 1412 2029 5

48 2050 123 2109 qui
141 2049 391 2108 magistrum
418 2047 610 2107 equitum
637 2046 690 2091 L.
713 2045 931 2091 AEmilium
959 2048 1142 2104 cooptat.
1203 2045 1369 2104 Legum
1389 2060 1411 2094 (5

49 2129 216 2173 quoque
249 2112 405 2158 latores
442 2111 643 2157 adversus
681 2115 848 2156 tantum
891 2114 1138 2169 apparatum
1178 2109 1370 2155 adversa-

49 2177 207 2223 riorum
227 2182 272 2223 et
291 2178 374 2237 ipsi
394 2193 561 2223 causam
591 2176 723 2236 plebis
751 2175 994 2235 ingentibus
1026 2175 1174 2220 animis
1205 2179 1369 2220 armant

51 2243 308 2302 concilioque
329 2242 463 2301 plebis
488 2242 648 2287 indicto
678 2241 816 2286 tribus
846 2240 899 2285 ad
929 2240 1175 2299 suffragium
1204 2244 1369 2285 vocant.

53 2307 192 2363 Quum
213 2306 394 2356 dictator
415 2307 598 2367 stipatus
626 2306 790 2366 agmine
821 2305 1093 2365 patriciorum
1120 2304 1269 2366 plenus
1296 2305 1369 2353 irae
1387 2316 1408 2358 7
