1649 2452
271 119 349 157 432
588 116 635 156 Τ.
655 117 806 156 LIVII
836 118 1256 158 HISTORIARUM

268 225 385 256 more
412 209 574 269 ingenti
605 209 825 266 provolant
852 213 950 255 ante
977 211 1097 269 signa
1124 214 1167 255 et
1194 226 1345 255 novam
1369 171 1584 270 ιῖκῇῑθὲτζῗὶ

208 284 251 322 11
268 290 465 334 pugnam.
528 274 679 333 Neque
710 274 909 319 sustineri
935 278 1142 332 poterant,
1174 276 1219 320 ni
1248 275 1586 320 extraordinariae

270 341 462 385 cohortes
498 339 589 397 pari
618 354 838 396 corporum
869 339 1187 398 animorumque
1217 339 1367 385 robore
1397 355 1442 385 se
1472 339 1588 397 obje-

184 411 256 462 (8)
271 405 438 450 cissent.
500 404 618 447 Tunc
649 403 760 447 inter
793 403 995 460 primores
1032 403 1210 448 duorum
1241 404 1490 462 populorum
1520 419 1588 448 res

231 465 254 516 2
271 469 443 527 geritur.
507 467 724 525 Quidquid
744 467 842 512 hinc
857 471 931 512 aut
951 467 1065 513 illinc
1085 469 1319 512 communis
1339 468 1459 513 Mars
1479 467 1589 512 bello

232 544 254 580 3
271 533 420 587 aufert,
441 531 662 589 multiplex
682 547 805 589 quam
833 547 909 589 pro
929 547 1104 577 numero
1126 532 1326 577 damnum
1347 536 1425 577 est.
1486 531 1590 575 Vul-

272 613 352 654 gus
380 596 494 641 aliud
520 601 775 640 armatorum
802 596 918 640 velut
946 595 1139 655 delegata
1165 596 1418 654 primoribus
1448 611 1592 655 pugna

271 665 467 706 eventum
489 676 612 705 suum
633 660 677 704 in
703 660 862 705 virtute
883 660 1015 704 aliena
1035 660 1166 718 ponit.
1227 660 1360 705 Multi
1379 661 1592 719 utrimque

230 735 256 772 4
271 725 437 778 cadunt,
459 725 600 783 plures
621 724 794 770 vulnera
809 725 1032 783 accipiunt.
1093 725 1280 770 Tandem
1300 727 1463 783 equites
1485 725 1591 770 alius

272 790 397 834 alium
427 790 702 846 increpantes,
736 788 838 846 quid
870 789 1019 834 deiude
1054 793 1248 842 restaret,
1287 789 1522 848 quaerendO,
1557 789 1594 834 si

271 869 407 912 neque
427 869 479 898 ex
499 853 616 911 equis
645 853 904 912 pepulissent
930 855 1096 899 hostem
1122 869 1260 911 neque
1288 853 1451 911 pedites
1479 854 1594 912 quic-

272 935 395 977 quam
430 918 632 962 momenti
666 917 885 963 facerent?
933 934 1057 977 quam
1093 919 1265 963 tertiam
1301 921 1594 976 exspectarent

271 983 486 1042 pugnam?
520 981 623 1040 quid
642 986 741 1027 ante
761 983 881 1041 signa
900 982 1060 1027 feroces
1084 982 1375 1039 prosiluissent
1397 987 1440 1027 et
1461 981 1595 1027 alieno

271 1050 508 1106 pugnarent
528 1047 618 1091 loco
633 1046 777 1092 P—his
798 1048 909 1092 inter
930 1063 975 1092 se
995 1047 1168 1092 vocibus
1190 1047 1392 1091 concitati
1417 1046 1596 1092 clamore

271 1115 471 1157 renovato
501 1111 691 1156 inferunt
720 1111 882 1169 pedem,
915 1116 959 1156 et
991 1112 1171 1169 primum
1204 1111 1340 1168 gradu
1373 1114 1597 1156 moverunt

272 1176 450 1230 hostem,
483 1175 632 1220 deinde
662 1176 929 1234 pepulerunt,
963 1180 1175 1235 postremo
1200 1172 1290 1233 jam
1324 1175 1437 1220 haud
1473 1175 1598 1220 dubie

274 1243 497 1286 avertunt:
528 1256 664 1298 neque
693 1245 783 1285 tam
813 1240 923 1285 vires
954 1256 1075 1299 pares
1106 1256 1200 1299 quae
1236 1240 1496 1298 superaverit
1530 1255 1598 1285 res

273 1306 394 1350 facile
425 1304 543 1350 dictu
572 1308 651 1358 est,
683 1304 765 1350 nisi
796 1306 908 1364 quod
937 1310 1141 1364 perpetua
1171 1305 1345 1350 fortuna
1379 1305 1600 1363 utriusque

236 1370 419 1429 5p0puli
448 1373 492 1415 et
522 1369 722 1415 extollere
754 1370 913 1415 animos
944 1375 988 1415 et
1019 1371 1207 1415 minuere
1235 1370 1389 1428 potuit.
1450 1369 1600 1428 Usque

275 1434 330 1479 ad
359 1439 497 1479 castra
526 1434 738 1492 fugientes
769 1435 979 1480 Hernicos
1010 1436 1230 1480 Romanus
1261 1435 1479 1493 sequitur:
1512 1450 1602 1480 cas-

276 1503 438 1544 trorum
458 1499 784 1557 oppugnatione,
815 1500 913 1558 quia
941 1516 1080 1545 serum
1108 1504 1199 1544 erat
1227 1499 1322 1553 diei,
1347 1499 1600 1544 abstinuere.

238 1572 261 1610 6
277 1563 364 1608 Diu
384 1579 470 1608 non
496 1563 738 1621 perlitatum
767 1568 962 1609 tenuerat
992 1565 1254 1618 dictatorem,
1280 1579 1334 1609 ne
1354 1569 1452 1608 ante
1480 1564 1604 1609 meri-

278 1628 387 1673 diem
415 1628 582 1686 signum
614 1628 712 1672 dare
743 1634 912 1686 posset:
945 1644 994 1673 eo
1026 1629 1070 1673 in
1099 1632 1266 1673 noctem
1297 1632 1481 1674 tractum
1513 1632 1604 1673 erat

241 1702 262 1743 7
278 1697 500 1738 certamen.
565 1693 742 1737 Postero
765 1692 831 1738 die
853 1693 1020 1738 deserta
1041 1694 1143 1752 fuga
1163 1697 1302 1739 castra
1323 1693 1604 1737 Hernicorum

279 1762 322 1802 et
353 1757 481 1802 saucii
512 1757 649 1802 relicti
681 1757 848 1815 quidam
880 1758 1054 1812 inventi,
1088 1773 1321 1817 agmenque
1351 1757 1604 1816 fugientium

280 1822 331 1866 ab
368 1822 565 1881 Signinis,
605 1837 733 1880 quum
769 1826 927 1880 praeter
961 1823 1113 1868 moenia
1147 1838 1291 1868 eorum
1324 1822 1607 1879 infrequentia

280 1890 505 1944 conspecta
525 1886 645 1945 signa
666 1891 820 1941 essent,
842 1887 984 1932 fusum
1005 1903 1054 1933 ac
1082 1903 1156 1944 per
1175 1902 1298 1945 agros
1320 1886 1484 1944 trepida
1505 1888 1607 1945 fuga

247 1952 465 2009 spaletum
508 1955 586 1996 est.
648 1951 742 1996 Nec
783 1952 986 1997 Romanis
1022 1953 1244 1998 incruenta
1282 1952 1458 1996 victoria
1498 1951 1604 1996 fuit:

283 2022 432 2073 quarta
453 2031 548 2072 pars
578 2015 758 2060 militum
780 2017 934 2061 amissa
962 2022 1017 2071 et,
1038 2017 1112 2062 ubi
1138 2016 1253 2061 haud
1274 2017 1412 2061 minus
1428 2019 1606 2074 jacturae

283 2081 377 2135 fuit,
401 2080 559 2139 aliquot
580 2081 744 2140 equites
769 2081 948 2126 Romani
969 2082 1168 2127 cecidere.

195 2153 268 2205 (9)
343 2144 590 2203 Insequenti
632 2160 741 2190 anno
783 2162 910 2203 quum
953 2146 1000 2191 C.
1026 2146 1235 2204 Sulpicius
1270 2149 1315 2191 et
1346 2145 1394 2191 C.
1417 2145 1607 2191 Licinius

289 2208 442 2253 Calvus
464 2209 655 2254 consules
677 2210 720 2254 in
737 2211 947 2256 Hernicos
969 2213 1199 2256 exercitum
1222 2210 1455 2261 duxissent,
1472 2226 1608 2270 neque

289 2273 470 2320 inventis
499 2274 543 2318 in
571 2289 672 2335 agro
701 2274 894 2320 hostibus
920 2275 1195 2322 Ferentinum
1222 2275 1370 2323 urbem
1394 2290 1539 2321 eorum
1564 2276 1608 2322 vi
