1649 2452
295 98 360 135 viii
736 96 1076 135 ARGUMENTA.

292 183 471 228 peretur:
502 180 551 217 de
572 191 650 228 qua
671 191 714 216 re
738 192 856 227 quum
873 180 923 216 ad
940 180 1236 227 frequentiorem
1252 184 1428 218 senatum
1443 193 1501 220 re·

291 230 384 266 ferri
409 229 630 276 placuisset,
653 228 726 276 Ap.
748 228 942 271 claudius,
966 229 1032 274 qui
1056 232 1220 276 propter
1242 229 1502 267 valetudinem

292 277 488 313 oculorum
499 277 583 323 jam
608 276 675 312 diu
697 276 864 313 consiliis
884 276 1047 322 publicis
1068 287 1110 312 se
1125 276 1379 323 abstinuerat,
1397 278 1504 314 venit

291 325 332 359 in
349 325 494 360 curiam
511 327 552 360 et
567 324 759 360 sententia
775 335 846 359 sua
861 324 987 359 tenuit
1002 327 1048 360 ut
1059 323 1100 359 id
1116 323 1265 370 Pyrrho
1281 328 1500 371 negaretur.

294 371 363 408 Cn.
381 371 575 408 Domitius
591 383 725 408 censor
739 372 887 418 primus
911 383 959 406 ex
980 371 1094 417 plebe
1117 371 1283 408 lustrum
1308 372 1502 409 condidit:

292 431 407 456 censa
431 423 523 456 sunt
546 420 685 456 civium
709 419 838 465 capita
863 418 1030 454 ducenta
1052 419 1249 466 octoginta
1272 424 1360 455 octo
1383 419 1505 456 millia

292 467 460 503 ducenta
483 467 618 513 vig-inti
642 466 730 503 duo.
783 466 931 502 Iterum
959 466 1143 502 adversus
1166 467 1358 513 Pyrrhum
1387 467 1505 503 dubio

292 519 433 550 eventu
447 519 664 561 pugnatum
680 518 752 551 est.
805 514 902 550 Cum
926 513 1307 560 Carthaginiensibus
1322 518 1504 561 quartum

293 562 415 598 soedus
435 567 662 598 renovatum
687 566 758 598 est.
811 561 937 606 Quum
959 561 1001 599 C.
1020 561 1195 598 Fabricio
1212 563 1357 598 consuli
1375 563 1419 607 is,
1439 563 1506 610 qui

292 610 344 645 ad
360 621 447 646 eum
464 622 488 645 a
504 610 654 656 Pyrrho
677 610 951 656 transfugerat,
980 610 1227 656 polliceretur
1250 622 1439 646 venenum
1464 621 1506 647 se

293 658 375 704 regi
391 657 589 703 daturum,
607 668 694 693 cum
711 657 852 693 indicio
877 657 928 693 ad
951 669 1083 704 regem
1105 659 1288 694 remissus
1303 662 1375 695 est.
1427 658 1506 695 Res

293 709 435 751 praeter
450 717 497 741 ea
512 711 647 741 contra
664 705 846 741 Etruscos
863 704 1038 741 Lucanos
1063 705 1242 742 Bruttios
1258 709 1299 742 et
1315 706 1508 743 Samnites

293 764 475 800 prospere
491 757 622 800 gestas
639 753 822 789 continet.

778 854 880 891 LIB.
904 853 1019 890 XIV.

339 923 540 959 PYRRHUS
555 923 595 958 in
609 922 776 960 Siciliam
790 922 953 968 trajecit.
993 922 1119 967 Quum
1132 923 1234 960 inter
1245 924 1321 960 alia
1332 922 1510 971 prodigia

292 968 453 1006 fulmine
471 971 661 1015 dejectum
679 975 780 1006 essct
796 971 836 1005 in
861 970 1051 1016 Capitolio
1073 971 1182 1008 Jon’s
1205 973 1370 1018 signum,
1389 976 1510 1019 caput

300 1018 380 1063 ejus
396 1030 466 1064 per
481 1018 702 1063 haruspices
718 1019 915 1053 inventum
932 1022 1004 1056 est.
1031 1018 1168 1055 Curius
1184 1018 1375 1055 Dentatus
1390 1031 1509 1066 quum

301 1066 483 1101 dilectum
499 1065 671 1110 haberet,
688 1065 780 1111 ejus,
801 1066 868 1112 qui
883 1066 1025 1102 citatus
1041 1077 1117 1102 non
1132 1066 1395 1112 responderat,
1410 1068 1510 1103 bona

299 1114 446 1159 primus
472 1112 669 1149 vendidit:
706 1114 800 1148 item
829 1113 1022 1158 Pyrrhum
1051 1125 1099 1149 ex
1133 1113 1259 1150 Sicilia
1285 1114 1326 1150 in
1354 1114 1510 1151 Italiam

300 1172 495 1196 reversum
522 1161 614 1196 vicit
646 1164 686 1196 et
715 1161 829 1196 Italia
861 1161 1020 1207 expulit.
1071 1161 1268 1197 Fabricius
1299 1174 1434 1199 censor
1459 1162 1506 1200 P.

298 1208 514 1245 Cornelium
539 1208 720 1244 Rufinum
744 1208 981 1244 consularem
1014 1215 1150 1245 senatu
1173 1210 1304 1255 movit,
1340 1210 1444 1257 quod
1474 1211 1510 1247 is

299 1256 431 1291 decem
447 1255 576 1303 pondo
593 1256 744 1302 argenti
759 1257 852 1292 facti
870 1256 1043 1293 haberet.
1095 1256 1234 1293 Lustro
1250 1269 1274 1294 a
1289 1258 1507 1294 censoribus

298 1304 453 1339 condito
481 1315 595 1340 censa
621 1309 711 1339 sunt
735 1305 864 1350 capita
891 1305 1030 1340 civium
1060 1304 1226 1341 ducenta
1259 1307 1510 1353 septuaginta

299 1363 419 1387 unum
444 1352 562 1387 millia
587 1351 754 1387 ducenta
777 1352 914 1398 viginti
938 1356 1130 1398 quattuor.
1182 1352 1279 1389 Cum
1303 1354 1507 1391 Ptolemaeo

298 1399 463 1446 AEgypti
479 1411 569 1445 rege
585 1400 746 1435 societas
757 1399 893 1445 juncta
909 1406 980 1436 est.
1033 1400 1192 1437 Sextilia
1213 1402 1321 1449 virgo
1337 1401 1507 1438 Vestalis

298 1447 483 1482 damnata
498 1447 634 1483 incesti
651 1448 735 1483 viva
751 1447 901 1483 defossa
917 1453 987 1484 est.
1040 1448 1206 1486 Coloniae
1223 1449 1400 1486 deductae
1417 1453 1508 1486 sunt

297 1493 504 1530 Posidonia
538 1501 577 1531 ct
609 1496 718 1533 Cosa.
797 1494 1170 1541 Carthaginiensium
1202 1497 1334 1534 classis
1364 1498 1506 1534 auxilio

298 1542 516 1578 Tarentinis
540 1544 658 1587 venit,
688 1554 764 1589 quo
791 1543 893 1579 facto
922 1544 971 1579 ab
996 1545 1043 1580 iis
1068 1545 1194 1582 foedus
1220 1546 1403 1582 violatum
1435 1550 1506 1582 est.

298 1589 375 1625 Res
397 1595 541 1636 praeter
565 1602 611 1626 ca
635 1596 769 1626 contra
795 1591 968 1627 Lucanos
992 1597 1033 1628 ct
1055 1592 1229 1629 Bruttios
1247 1597 1288 1629 et
1313 1594 1506 1632 Samnites

299 1638 458 1674 feliciter
472 1642 603 1685 gestas
619 1642 659 1674 et
675 1638 816 1685 Pyrrhi
832 1640 933 1686 regis
949 1644 1112 1676 mortem
1129 1642 1313 1679 continet.

772 1759 870 1799 LIB.
902 1763 990 1800 XV.

344 1833 485 1870 VICTIS
516 1835 735 1872 Tarentinis
769 1848 846 1882 pax
880 1844 920 1873 ct
952 1837 1109 1874 libertas
1141 1840 1234 1875 data
1266 1843 1336 1876 est.
1388 1839 1504 1887 Legio

299 1882 506 1929 Campana,
533 1895 619 1929 quae
649 1883 810 1930 Regium
837 1892 1102 1932 occupaverat,
1131 1887 1286 1923 obsessa
1309 1887 1504 1924 deditione

297 1931 399 1966 sacta
423 1932 544 1966 securi
569 1943 750 1978 percussa
766 1939 837 1968 est.
891 1933 1015 1978 Quum
1039 1934 1187 1981 legatos
1202 1935 1506 1982 Apolloniatium

297 1977 348 2013 ad
374 1983 549 2014 senatum
583 1980 717 2016 missos
747 1981 903 2027 quidam
933 1981 1091 2027 juvenes
1124 1982 1353 2029 pulsassent,
1382 1983 1506 2020 dediti

297 2030 387 2061 sunt
418 2027 738 2073 Apolloniatibus.
802 2028 1020 2065 Picentibus
1053 2030 1163 2067 victis
1195 2042 1274 2077 pax
1306 2031 1401 2068 data
1432 2041 1506 2069 est.

297 2073 458 2110 Coloniae
488 2075 664 2111 deduetae
694 2076 911 2112 Ariminum
938 2077 977 2112 in
1006 2077 1146 2114 Piceno
1172 2077 1435 2115 Beneventum
1464 2081 1503 2116 in

297 2122 464 2159 Samnio.
516 2122 614 2158 Tum
643 2123 811 2169 primum
841 2125 1005 2171 populus
1031 2125 1226 2162 Romanus
1256 2132 1418 2174 argento
1446 2129 1504 2164 uti

296 2170 427 2216 coepit,
480 2169 618 2206 Umbri
643 2176 683 2206 et
707 2171 893 2208 Salentini
917 2173 1007 2208 victi
1031 2173 1070 2209 in
1095 2173 1330 2211 deditionem
1353 2177 1504 2222 accepti

296 2222 395 2255 sunt.
444 2216 682 2265 Quaestorum
700 2230 882 2257 numerus
896 2221 1104 2268 ampliatus
1119 2226 1179 2259 est
1195 2226 1240 2258 ut.
1255 2228 1384 2261 essent.
1398 2229 1500 2261 octo.
