1649 2452
515 110 630 151 DIB.
659 111 737 151 IX.
766 113 908 152 9-11.
1302 111 1380 151 547

46 163 257 204 mcum

46 205 183 251 civem
209 219 316 259 esse,
337 203 457 250 illum
482 204 671 264 legatum
696 206 887 251 fecialem
910 220 935 250 a
954 220 999 251 se
1019 208 1168 251 contra
1182 206 1256 261 Jus
1276 218 1378 262 gen-

45 269 157 314 tium
183 269 400 323 violatum,
428 284 479 314 eo
493 270 656 327 justius
682 270 839 316 bellum
866 275 1074 330 gesturos.
1133 270 1244 314 Tum
1265 269 1376 312 Pon-
1394 266 1489 319 (11)

44 333 134 379 tius
156 333 290 379 “Nec
309 348 390 392 ego
409 333 536 378 istam
557 333 813 380 deditionem
834 335 1077 392 accipiam,''
1099 334 1238 393 inquit
1259 336 1376 377 “nec

46 398 257 443 Samnites
292 401 428 443 ratam
462 397 690 444 habebunt.
750 400 869 449 Quin
902 403 964 453 tu,
999 399 1130 458 Spuri
1161 398 1373 450 Postumi,
1393 408 1418 446 2

45 461 84 507 si
120 463 221 507 deos
256 477 349 507 esse
383 477 542 517 censes,
577 466 652 508 aut
687 465 828 509 omnia
861 464 982 509 irrita
1010 463 1115 509 facis
1146 466 1220 508 aut
1251 465 1376 521 pacto

46 527 168 572 stas?
200 526 380 571 Samniti
408 526 565 584 populo
597 542 741 573 omnes
773 544 878 588 quos
909 529 954 574 in
983 531 1196 587 potestate
1227 526 1377 572 habuit

47 594 122 636 aut
148 605 228 648 pro
255 590 321 636 his
341 605 425 648 pax
451 591 642 637 debetur.
705 593 790 638 Sed
818 593 918 652 quid
938 608 1018 652 ego
1039 598 1083 640 te
1104 591 1280 651 appello,
1303 590 1377 650 qui
1393 600 1416 638 3

44 657 91 700 te
132 659 304 713 captum
340 655 492 701 victori
526 671 624 702 cum
658 672 741 716 qua
777 663 896 716 potes
931 658 1013 703 fide
1052 657 1271 704 restituis:
1301 671 1376 715 po-

45 718 194 778 pulum
222 720 463 765 Romanum
489 721 665 779 appello,
695 737 820 780 quem
851 723 888 767 si
917 723 1156 781 sponsionis
1188 721 1241 767 ad
1269 721 1377 766 Fur-

45 783 163 829 culas
199 783 411 829 Caudinas
443 785 567 830 factae
596 787 787 844 poenitet,
817 788 1017 832 restituat
1048 787 1234 845 legiones
1264 787 1378 831 intra

45 847 202 893 saltum
223 863 306 907 quo
327 852 469 906 saeptae
495 850 669 895 fuerunt
687 870 696 895 z
728 866 852 896 nemo
873 867 1124 910 quemquam
1145 850 1371 909 deceperit,

45 913 189 958 omnia
221 928 300 971 pro
330 913 489 958 infecto
524 914 623 967 sint,
660 915 865 973 recipiant
901 931 1017 961 arma
1048 931 1140 974 quae
1174 930 1250 973 per
1282 930 1376 973 pac-

44 976 205 1022 tionem
245 977 524 1032 tradiderunt,
561 978 736 1024 redeant
775 980 821 1024 in
859 984 999 1026 castra
1038 996 1126 1035 sua,
1168 979 1374 1039 quidquid

44 1040 182 1099 pridie
206 1041 446 1088 habuerunt
477 1058 601 1102 quam
630 1043 676 1088 in
705 1043 961 1102 colloquium
989 1049 1055 1090 est
1083 1050 1272 1097 ventum,
1301 1044 1375 1089 ha-

44 1105 198 1150 beant:
239 1109 334 1152 tum
373 1107 528 1152 bellum
568 1116 613 1153 et
652 1108 780 1153 fortia
819 1109 993 1154 consilia
1031 1109 1237 1168 placeant,
1279 1111 1374 1153 tum

45 1171 216 1228 sponsio
246 1175 290 1216 et
320 1187 404 1229 pax
433 1171 705 1230 repudietur:
738 1188 788 1218 ea
822 1174 994 1219 fortuna
1029 1174 1094 1220 his
1130 1174 1245 1229 locis,
1281 1189 1374 1232 quae

44 1238 145 1280 ante
171 1236 286 1294 pacis
312 1237 570 1282 mentionem
598 1237 835 1292 habuimuS,
867 1254 1063 1297 geramus
1094 1208 1261 1292 belluni,
1296 1253 1375 1283 nec

43 1301 228 1359 populus
256 1302 474 1348 Romanus
502 1303 722 1349 consulum
750 1305 1018 1362 sponsionem
1045 1320 1123 1350 nec
1151 1320 1229 1350 nos
1249 1303 1394 1349 fidem
1414 1328 1419 1332 ⁴

43 1365 192 1424 populi
219 1366 403 1413 Romani
431 1383 690 1414 accusemus.
750 1369 1051 1428 Numquamne
1080 1384 1208 1414 causa
1236 1360 1375 1425 defiet,
1392 1379 1415 1415 4

44 1445 122 1476 cur
155 1431 259 1476 victi
292 1436 416 1489 pacto
451 1447 538 1477 non
571 1434 720 1479 stetis.
709 1434 728 1467 Ρ
759 1433 926 1479 obsides
957 1434 1146 1479 Porsinae
1176 1433 1371 1479 dedistis:

43 1494 162 1540 furto
201 1511 273 1541 eos
313 1496 590 1542 subduxistis,
670 1498 790 1542 Auro
825 1499 1038 1544 civitatem
1074 1514 1099 1543 a
1140 1498 1270 1545 Gallis
1309 1514 1374 1543 re·
1392 1509 1414 1546 5

44 1558 254 1605 demistis:
285 1561 398 1606 inter
427 1561 714 1620 accipiendum
744 1577 893 1606 aurum
919 1562 1018 1608 oaesi
1045 1567 1158 1608 sunt.
1220 1563 1372 1608 Pacem
1389 1578 1412 1614 6

43 1623 264 1669 nobiscum
294 1625 515 1684 pepigistis
544 1629 595 1670 ut
624 1626 810 1685 legiones
840 1626 960 1672 vobis
996 1632 1140 1686 captas
1175 1628 1372 1673 restitue-

43 1703 210 1733 remus:
243 1704 332 1734 eam
354 1702 500 1747 pacem
526 1690 689 1734 irritam
713 1691 866 1736 facitis.
925 1691 985 1737 Et
1005 1707 1170 1750 semper
1191 1692 1372 1751 aliquam
1390 1708 1411 1745 7

43 1752 184 1798 fraudi
222 1754 404 1812 speciem
437 1754 549 1811 juris
589 1754 831 1813 imponitis:
878 1770 964 1801 non
1001 1758 1152 1815 probat
1192 1756 1373 1814 populus

44 1817 263 1863 Romanus
292 1818 572 1878 ignominiosa
605 1834 707 1876 pace
742 1819 928 1879 legiones
966 1821 1186 1866 servatas?
1228 1836 1374 1880 pacem

45 1881 126 1927 sibi
153 1882 320 1936 habeat,
349 1883 536 1942 legiones
567 1888 711 1941 captas
741 1885 893 1929 victori
922 1885 1148 1930 restituat:
1180 1885 1261 1932 hoc
1290 1885 1373 1931 fide

43 1946 126 1992 hoc
158 1947 386 1993 foederibus
422 1948 502 1993 hoc
535 1948 751 1994 fecialibus
782 1950 1029 1995 caerimoniis
1061 1950 1235 2010 dignum
1266 1956 1370 1996 erat.

44 2011 110 2057 Ut
141 2011 311 2070 quidem
341 2016 394 2057 tu
424 2012 537 2071 quod
566 2014 719 2071 petisti
747 2029 823 2071 per
852 2015 1090 2072 pactionem
1119 2015 1273 2060 habeas
1303 2020 1410 2066 t0t8

44 2075 157 2121 cives
185 2076 429 2133 incolumes,
459 2092 539 2136 ego
568 2092 713 2135 pacem
745 2093 869 2136 quam
899 2079 977 2124 hos
1007 2079 1086 2124 tibi
1116 2080 1371 2125 remittendo

44 2143 195 2198 pactus
224 2157 319 2186 sum
348 2156 434 2187 non
462 2142 651 2196 habeam,
682 2143 762 2188 hoc
791 2147 854 2197 tu,
884 2146 936 2188 A.
961 2143 1142 2198 Corneli,
1171 2145 1252 2190 hoc
1281 2161 1370 2198 vos,

46 2204 263 2259 feciales,
246 2205 357 2265 Juris
376 2206 575 2266 gentibus
592 2206 759 2252 dicitis?
791 2222 870 2266 ego
889 2223 990 2253 vero
1010 2209 1128 2263 istos,
1147 2224 1253 2268 quos
1275 2209 1370 2255 dedi

47 2269 267 2328 simulatis,
297 2287 377 2320 nee
404 2273 563 2333 accipio
583 2287 661 2319 nec
687 2272 785 2320 dedi
812 2273 1005 2331 arbitror,
1027 2290 1105 2322 nec
1125 2290 1265 2323 moror
1285 2291 1369 2336 quo
