1649 2452
575 93 686 135 LIB.
717 93 840 135 vm.
871 94 1041 135 29—31.
1387 98 1463 138 519

148 147 192 179 A.
211 146 250 178 e.
268 147 357 188 ³22]

148 205 219 234 eos
246 189 360 234 nulla
387 188 450 234 vis
478 192 649 246 posset:
681 205 757 247 per
784 205 899 234 arma
924 205 999 248 per
1023 188 1135 234 viros
1164 188 1248 234 late
1278 191 1463 247 stragem

148 253 326 299 dedere:
357 259 564 311 sequutus
581 255 706 311 pedes
727 254 930 312 impetum
953 254 1140 312 equitum
1161 253 1343 298 turbatis
1365 255 1461 299 hos-

147 317 262 363 tibus
286 317 431 362 intulit
455 318 600 375 sigua:
632 319 783 377 viginti
813 319 941 363 millia
969 318 1153 362 hostium
1182 333 1290 363 caesa
1316 333 1366 363 eo
1395 319 1462 364 die

148 382 386 428 traduntur.
447 383 656 427 Auctores
677 382 811 428 habeo
831 383 895 428 bis
912 399 1006 428 cum
1028 383 1150 427 hoste
1171 383 1292 441 signa
1312 383 1461 427 collata
1477 389 1502 427 5

148 446 352 492 dictatore
383 445 569 500 absente,
602 446 666 491 bis
701 463 789 492 rem
819 449 987 506 egregie
1016 451 1208 506 gestam:
1250 447 1361 504 apud
1391 463 1462 491 an-

147 510 406 569 tiquissimos
427 511 652 568 scriptores
673 526 758 555 una
783 511 873 556 haec
893 527 1036 570 pugna
1064 511 1288 566 invenitur,
1308 511 1353 556 in
1373 512 1464 569 qui-

148 574 324 620 busdam
352 575 569 620 annalibus
589 578 683 620 tota
710 591 777 620 res
808 576 1088 633 praetermissa
1114 581 1191 620 est.
1254 576 1464 635 Magister
1482 580 1506 618 6

148 640 339 698 equitum
372 643 422 684 ut
453 655 504 684 ex
536 644 657 684 tanta
686 639 797 684 caede
827 641 971 685 multis
1002 641 1164 699 potitus
1196 640 1340 698 spoliis
1370 656 1465 686 eon·

149 704 543 763 gesta—ingentem
574 705 995 749 acervum—hostilia
1024 720 1139 749 arma
1168 704 1337 750 subdito
1366 705 1466 764 igne

149 769 443 822 concremavit,
481 784 557 814 seu
585 773 730 813 votum
771 769 814 813 id
849 769 1021 814 deorum
1051 770 1230 828 cuipiam
1261 769 1355 823 fuit,
1390 785 1467 815 seu

150 833 319 878 credere
353 833 456 878 libet
489 833 619 878 Fabio
650 834 812 878 auctori
839 849 888 878 eo
918 834 1091 887 factum,
1123 849 1177 879 ne
1206 849 1294 879 suae
1323 834 1466 893 gloriae

150 897 337 942 fructum
368 897 550 942 dictator
589 901 758 956 caperet
787 912 1023 956 nomenque
1061 898 1121 943 ibi
1151 898 1352 944 scriberet
1392 903 1466 943 aut

151 962 285 1020 spolia
302 963 347 1006 in
366 962 582 1020 triumpho
602 962 745 1006 ferret.
806 962 984 1007 Litterae
1005 977 1172 1022 quoque
1201 962 1253 1007 de
1272 978 1318 1008 re
1347 978 1465 1021 pros-
1481 971 1505 1012 7

150 1041 250 1085 pere
270 1030 393 1085 gesta
419 1026 471 1070 ad
498 1029 688 1070 senatum
710 1041 796 1071 non
822 1026 874 1071 ad
903 1026 1151 1072 dictatorem
1179 1027 1315 1072 missae
1342 1042 1467 1088 argu-

150 1095 340 1136 mentum
369 1091 487 1135 fuere
513 1091 683 1135 minime
714 1105 809 1135 cum
839 1105 889 1136 eo
916 1091 1261 1136 communicantis
1290 1091 1466 1136 laudes:

149 1157 213 1201 ita
238 1159 352 1201 certe
383 1154 563 1200 dictator
592 1155 637 1200 id
666 1155 826 1200 factum
854 1156 1028 1214 accepit,
1049 1161 1099 1200 ut
1129 1156 1236 1201 laetis
1263 1156 1353 1201 aliis
1381 1157 1467 1202 vic-

150 1221 261 1266 toria
298 1224 421 1278 parta
451 1235 536 1278 prae
566 1235 612 1264 se
646 1220 778 1265 ferret
817 1220 922 1265 iram
956 1221 1268 1279 tristitiamque.
1329 1221 1465 1267 Misso
1483 1229 1508 1267 8

151 1286 294 1344 itaque
320 1289 494 1343 repente
523 1287 674 1329 senatu
700 1300 746 1329 se
776 1300 830 1329 ex
855 1285 972 1329 curia
998 1286 1218 1344 proripuit,
1246 1289 1340 1330 tum
1366 1301 1466 1331 vero

151 1365 238 1394 non
267 1349 517 1394 Samnitium
548 1349 680 1408 magis
710 1349 896 1407 legiones
932 1365 1056 1408 quam
1090 1351 1352 1409 majestatem
1382 1351 1468 1396 die-

151 1414 348 1458 tatoriam
379 1418 423 1458 et
453 1413 709 1472 disciplinam
741 1413 964 1458 militarem
995 1429 1020 1458 a
1044 1415 1247 1473 magistro
1277 1415 1467 1474 equitum

151 1479 308 1524 victam
347 1482 394 1523 et·
431 1493 617 1523 eversam
653 1477 864 1532 dictitans,
898 1479 936 1522 si
969 1478 1031 1523 illi
1068 1479 1239 1537 impune
1278 1482 1468 1538 spretum

151 1543 373 1602 imperium
393 1542 557 1587 fuisset.
617 1542 770 1601 Itaque
796 1542 945 1601 plenus
971 1543 1179 1589 minarum
1196 1545 1354 1603 iraeque
1373 1559 1469 1603 pro-
1484 1553 1508 1591 9

152 1609 291 1654 fectus
325 1608 370 1652 in
404 1612 543 1652 castra
577 1622 704 1665 quum
744 1608 936 1652 maximis
975 1608 1196 1654 itineribus
1235 1610 1351 1662 isset,
1384 1625 1470 1654 non

152 1678 296 1718 tamen
321 1672 550 1731 praevenire
577 1671 732 1716 famam
758 1672 963 1717 adventus
993 1673 1060 1717 sui
1089 1673 1257 1731 potuit:
1289 1689 1470 1732 praecur-

152 1741 295 1782 rerant
315 1737 426 1781 enim
457 1735 508 1781 ab
529 1735 633 1780 urbe
655 1736 728 1794 qui
753 1737 1011 1791 nuntiarent,
1034 1737 1282 1782 dictatorem
1302 1739 1470 1783 avidum

151 1817 286 1860 poeuae
324 1801 467 1846 venire
508 1800 679 1844 alternis
719 1815 837 1858 paene
870 1801 1009 1846 verbis
1049 1802 1097 1846 Τ.
1119 1802 1271 1847 Manlii
1309 1803 1470 1848 factum

152 1866 405 1911 laudantem.
472 1864 628 1909 Fabius
669 1865 868 1910 concione
908 1866 1119 1922 extemplo
1159 1867 1362 1912 advocata
1396 1867 1471 1913 ob-
1486 1866 1587 1924 (31)

152 1935 337 1976 testatus
377 1929 531 1974 milites
568 1934 633 1974 est
668 1932 730 1983 ut,
761 1944 844 1987 qua
872 1929 1032 1975 virtute
1063 1946 1150 1975 rem
1180 1932 1388 1990 publicam
1418 1932 1470 1978 ab

152 1995 437 2040 infestissimis
482 1993 675 2038 hostibus
719 1993 1017 2048 defendissent,
1057 1994 1201 2040 eadem
1248 2011 1306 2052 se,
1347 1999 1470 2055 cujus

154 2060 289 2105 ductu
323 2058 594 2117 auspicioque
625 2058 837 2112 vicissent,
877 2058 928 2104 ab
963 2060 1186 2117 impotenti
1223 2061 1473 2107 crudelitate

155 2123 373 2169 dictatoris
407 2126 679 2168 tutarentur:
711 2122 855 2167 venire
885 2128 1093 2169 amentem
1122 2125 1279 2170 invidia
1316 2126 1474 2171 iratum

155 2188 309 2235 virtuti
347 2186 491 2233 alienae
529 2187 819 2245 felicitatique,
861 2187 1015 2243 furere,
1055 2188 1168 2247 quod
1214 2205 1260 2235 se
1300 2190 1474 2236 absente

157 2267 226 2302 xes
253 2250 421 2314 publica
449 2252 618 2312 egregie
647 2255 770 2311 gesta
798 2255 923 2308 esset,
954 2252 1088 2310 malle,
1120 2254 1158 2300 si
1186 2257 1350 2302 mutare
1387 2255 1473 2303 for-
