1649 2452
209 107 288 147 372
525 106 574 145 Τ.
601 104 754 144 LIVII
783 102 1201 143 HISTORIARUM
1320 155 1416 194 [A.c
1444 156 1504 188 386

207 197 329 243 militi
350 198 466 244 dedit
487 213 569 257 quo
589 198 728 242 minus
744 197 1180 255 speratam—minime
1199 195 1398 254 largitore
1414 195 1520 241 duce

143 271 193 309 10
207 276 316 307 —co
345 263 469 307 militi
499 262 738 321 gratiorem.
799 261 1088 318 Persequutus
1119 259 1268 304 deinde
1308 259 1519 318 fugientes

207 341 337 384 quum
372 341 536 371 omnem
574 325 776 370 Vulscum
811 339 958 383 agrum
993 324 1271 382 depopulatus
1306 329 1431 376 esset,
1468 323 1521 369 ad

207 388 460 435 deditionem
483 390 662 434 Vulscos
684 389 994 447 septuagesimo
1015 388 1182 432 demum
1208 402 1316 432 anno
1338 387 1518 446 subegit.

143 461 188 500 11
207 453 358 499 Victor
387 470 440 499 ex
470 454 639 498 Vulscis
669 454 713 497 in
749 453 910 510 AEqnos
945 453 1114 496 transiit
1150 457 1194 496 et
1224 453 1336 510 ipsos
1366 452 1518 496 bellum

207 518 450 563 molientes:
483 518 712 564 exercitum
749 532 892 561 eorum
929 516 981 560 ad
1016 516 1145 560 Volas
1186 517 1406 574 oppressit,
1443 532 1521 561 nec

208 585 348 627 castra
372 581 495 627 modo
523 583 597 627 sed
621 582 767 626 urbem
794 581 919 625 etiam
948 580 1170 639 adgressus
1197 581 1358 638 impetu
1387 580 1520 638 primo

119 649 191 702 (3)
209 647 331 704 cepit.
393 648 535 695 Quum
571 647 615 691 in
646 662 695 690 ea
723 650 856 704 parte,
886 646 930 689 in
960 661 1042 703 qua
1072 650 1197 702 caput
1229 646 1288 689 rei
1319 645 1520 691 Romanae

208 710 406 756 Camillus
434 715 536 764 erat,
560 726 609 755 ea
635 711 806 754 fortuna
832 715 956 762 esset,
980 709 1100 753 aliam
1125 709 1170 753 in
1193 714 1355 766 partem
1383 713 1520 754 terror

164 782 190 819 2
204 775 352 833 ingens
372 775 600 833 ingruerat.
653 775 826 818 Etruria
845 789 975 832 prope
995 773 1129 817 omnis
1150 776 1310 817 armata
1331 773 1519 818 Sutrium

204 839 338 883 socios
369 839 510 896 populi
542 838 723 883 Romani
758 837 988 890 obsidebat,
1023 852 1199 895 quorum
1234 837 1363 895 legati
1397 852 1518 894 opem

203 902 329 947 rebus
346 902 521 947 adfectis
543 908 710 947 orantes
727 918 856 960 quum
879 908 1069 946 senatum
1087 901 1288 953 adissent,
1304 901 1519 945 decretum

203 966 340 1011 tulere
366 972 414 1011 ut
435 966 617 1011 dictator
645 967 778 1025 primo
801 982 966 1025 quoque
993 972 1181 1023 tempore
1209 965 1409 1010 auxilium
1439 966 1518 1010 Su-

164 1037 189 1074 3
204 1030 326 1074 trinis
348 1030 490 1075 ferret.
552 1031 685 1089 Cujus
708 1031 797 1088 spei
818 1046 974 1075 moram
997 1045 1123 1087 quum
1148 1030 1234 1087 pati
1254 1029 1426 1074 fortuna
1445 1030 1519 1074 ob-

203 1109 411 1138 sessorum
442 1109 528 1138 non
563 1095 784 1152 potuisset,
818 1095 1090 1152 confectaque
1126 1094 1314 1152 paucitas
1350 1093 1516 1152 oppida·

202 1174 349 1203 norum
386 1174 511 1217 opere
547 1159 697 1217 vigiliis
738 1159 991 1212 vulneribus,
1026 1174 1117 1216 quae
1153 1173 1316 1212 semper
1351 1158 1514 1202 eosdem

203 1222 423 1280 urgebant,
445 1238 518 1280 per
545 1223 781 1281 pactionem
810 1223 913 1267 urbe
934 1222 1126 1266 hostibus
1157 1222 1325 1275 tradita,
1348 1222 1516 1267 inermis

202 1301 295 1330 cum
320 1287 495 1345 singulis
517 1288 669 1332 emissa
689 1287 950 1332 vestimentis
965 1286 1188 1330 miserabili
1210 1287 1374 1344 agmine
1394 1301 1519 1344 pena-

202 1353 267 1394 tes
295 1351 561 1409 relinqueret,
583 1367 631 1395 eo
653 1351 762 1395 forte
783 1357 970 1409 tempore
993 1350 1193 1394 Camillus
1214 1365 1306 1395 cum
1330 1351 1518 1395 exercitu

164 1413 393 1462 4Romano
419 1415 658 1459 intervenit.
722 1415 802 1459 Cui
830 1431 957 1472 quum
987 1430 1032 1458 se
1053 1420 1199 1458 maesta
1224 1418 1351 1459 turba
1371 1414 1422 1459 ad
1449 1430 1517 1473 pe-

201 1476 275 1522 des
320 1478 596 1536 provolvisset
637 1479 957 1537 principumque
997 1479 1226 1522 orationem
1267 1479 1517 1524 necessitate

200 1541 350 1585 ultima
370 1558 606 1600 expressam
629 1544 754 1587 fletus
784 1543 1003 1587 mulierum
1026 1557 1073 1587 ac
1094 1557 1331 1598 puerorum,
1355 1543 1427 1600 qui
1447 1558 1518 1587 ex-

200 1605 283 1649 silii
313 1607 487 1651 comites
518 1607 806 1660 trahebantur,
840 1607 1086 1664 excepisset,
1121 1621 1288 1663 parcere
1323 1606 1516 1651 lamentis

201 1669 395 1714 Sutrinos
423 1671 576 1728 jussit:
609 1672 801 1716 Etruscis
828 1687 872 1716 se
902 1671 1063 1715 luctum
1093 1670 1366 1729 lacrimasque
1393 1671 1514 1715 ferre.

162 1743 186 1779 5
202 1733 392 1778 Sarcinas
414 1734 512 1779 inde
543 1735 694 1793 deponi
719 1736 994 1794 Sutrinosque
1024 1734 1082 1780 ibi
1109 1734 1324 1779 considere
1353 1734 1516 1780 modico

161 1797 391 1854 6praesidio
419 1798 576 1854 relicto,
599 1815 714 1844 arma
742 1815 883 1844 secum
915 1799 1089 1844 militem
1116 1799 1226 1844 ferre
1247 1799 1384 1856 jubet.
1446 1799 1516 1844 Ita

197 1861 394 1919 expedito
415 1864 603 1908 exercitu
624 1864 838 1922 profectus
861 1863 913 1908 ad
935 1863 1228 1908 Sutrium—id
1258 1863 1370 1921 quod
1398 1863 1515 1908 reba·

196 1926 465 1971 tur—soluta
485 1929 624 1972 omnia
651 1928 774 1974 rebus
795 1932 844 1973 ut
872 1929 921 1972 fit
943 1927 1136 1973 secundis
1157 1928 1330 1981 invenit,
1353 1927 1514 1973 nullum

196 1990 423 2035 stationem
445 1995 541 2036 ante
562 1993 724 2046 moenia,
748 1996 941 2050 patentes
962 2000 1117 2049 portas,
1140 1992 1338 2036 victorem
1360 2008 1513 2051 vagum

161 2053 378 2112 7praedam
413 2070 465 2099 ex
500 2056 685 2100 hostium
714 2057 840 2102 tectis
871 2061 1124 2115 egerentem.
1187 2057 1349 2101 Iterum
1380 2057 1514 2115 igitur

195 2117 341 2162 eodem
378 2117 446 2163 die
482 2119 671 2164 Sutrium
707 2121 896 2179 capitur:
937 2121 1118 2166 victores
1153 2120 1323 2165 Etrusci
1358 2121 1510 2178 passim

194 2180 462 2227 trucidantur
483 2183 535 2229 ab
556 2200 664 2229 novo
685 2185 821 2238 hoste,
838 2200 973 2243 neque
995 2200 1040 2230 se
1061 2183 1338 2243 conglobandi
1358 2200 1512 2230 coeun-

160 2255 184 2294 8
196 2243 322 2307 dique
335 2246 382 2295 in
400 2262 534 2296 unum
546 2253 621 2297 aut
637 2264 752 2298 arma
767 2248 963 2309 capiundi
977 2248 1103 2296 datur
1114 2250 1314 2309 spatium.
1366 2249 1511 2300 Quum

1636 518 1641 596 ἒ
