1649 2452
537 91 648 132 LIB.
679 90 757 130 lx.
777 91 948 130 82-34.
1323 90 1374 130 57
1379 92 1402 132 7

81 146 127 181 Δ.
142 146 183 179 C.
195 144 257 178 8⁰8

77 187 241 244 collega
263 143 400 230 i'abio
428 184 476 229 C.
500 185 692 230 Marcius
719 183 894 229 Rutilus
922 182 1047 227 datus
1078 184 1172 227 est:
1204 184 1402 227 caeterum

80 254 126 296 et
155 250 310 295 Fabius
345 249 683 307 supplementum
719 249 771 294 ab
806 249 944 294 Roma
978 246 1154 292 adduxit
1189 250 1233 291 et
1266 261 1402 290 novus

81 314 291 360 exercitus
311 312 435 358 domo
455 313 616 358 accitus
636 313 830 357 Etruscis
852 312 982 356 venit.

138 373 345 423 Permulti
364 377 462 422 anni
476 380 567 434 jam
594 382 716 422 erant
739 393 867 435 quum
889 377 1000 420 inter
1029 374 1228 431 patricios
1250 375 1401 433 magis-
1416 383 1439 419 2

80 446 219 488 tratus
253 442 532 500 tribunosque
566 441 681 486 nulla
710 441 939 486 certamina
971 441 1150 492 fucrant,
1183 455 1314 498 quum
1350 454 1403 484 ex

80 522 133 553 ea
150 507 319 551 familia.
342 522 434 564 quae
454 506 572 551 velut
593 505 734 550 fatalis
758 521 853 550 cum
883 504 1066 549 tribunis
1087 518 1136 548 ac
1157 503 1278 561 plebe
1298 507 1400 556 erat,

81 574 294 616 certamen
320 571 470 615 oritur.
531 572 613 628 Ap.
637 569 839 615 Claudius
867 583 1014 613 censor
1041 567 1306 613 circumactis
1333 567 1439 613 de-3

80 649 173 680 cem
201 638 246 680 et
275 639 373 680 octo
402 634 629 689 mensibuS‚
656 635 770 692 quod
797 632 968 678 AEmilia
993 633 1087 695 lege
1113 631 1282 676 finitum
1311 646 1403 676 cen-

81 715 192 746 surae
220 700 404 758 spatium
434 700 636 758 temporis
666 704 770 752 erat,
800 714 930 757 quum
952 699 1000 743 C.
1024 698 1217 743 Plautius
1246 698 1404 758 collega

81 767 175 821 ejus
203 765 459 822 magistratu
485 779 531 808 se
559 763 806 816 abdicasset,
834 762 948 807 nulla
967 763 1011 807 vi
1037 762 1229 820 compelli
1255 767 1304 807 ut
1332 763 1402 808 ab·

82 827 241 873 dicaret
261 828 415 886 potuit.
475 827 525 872 P.
549 828 819 885 Sempronius
841 831 931 871 erat
951 826 1147 871 tribunus
1177 826 1310 884 plebis
1332 827 1401 885 qui
1417 835 1442 871 4

80 892 272 937 finiendae
293 907 480 937 censurae
499 891 612 936 intra
631 891 866 950 legitimum
886 894 1054 949 tempus
1083 891 1289 935 actionem
1311 906 1404 935 sus-

80 960 394 1014 ceperat—non
432 956 675 1014 popularem
714 955 849 1014 magis
891 971 1017 1014 quam
1048 955 1208 1013 justam
1247 970 1324 1000 nec
1358 956 1402 1000 in

80 1020 234 1079 vulgus
255 1036 379 1079 quam
405 1021 564 1078 optimo
592 1021 743 1079 cuique
771 1019 1011 1078 gratiorem.
1072 1019 1118 1064 Is
1140 1035 1269 1078 quum
1289 1019 1437 1064 iden-5

80 1084 212 1129 tidem
235 1084 372 1144 legem
397 1085 612 1130 AEmiliam
637 1085 836 1129 recitaret
863 1088 1161 1142 auctoremque
1189 1087 1280 1142 ejus
1308 1084 1404 1128 Ma·

80 1163 265 1194 mercum
285 1149 502 1194 AEmilium
534 1149 784 1194 dictatorem
804 1148 998 1193 laudibus
1025 1148 1168 1201 ferret,
1192 1149 1265 1205 qui
1285 1149 1403 1206 quin-

80 1213 330 1272 quennalem
359 1218 458 1258 ante
488 1229 707 1259 censuram
737 1218 780 1258 et
810 1213 1119 1272 longinquitate
1148 1217 1404 1271 potestatem

80 1277 364 1323 dominantem
379 1280 492 1322 intra
512 1294 586 1323 sex
601 1294 789 1323 mensum
809 1283 852 1322 et
869 1279 966 1322 anni
982 1278 1189 1336 coegisset
1206 1279 1402 1336 spatium,

80 1344 107 1366 “
121 1342 205 1386 Dic
224 1342 431 1401 agedum'’
452 1343 604 1401 inquit,
628 1345 651 1367 ‘⁶
669 1343 783 1401 Appi
805 1342 967 1396 Claudi,
989 1342 1187 1400 quidnam
1211 1342 1402 1387 facturus

81 1405 224 1459 fueris,
261 1407 298 1451 si
332 1422 383 1451 eo
417 1411 621 1466 tempore,
655 1422 738 1466 quo
769 1407 817 1451 C.
840 1407 995 1451 Furius
1026 1412 1069 1451 et
1099 1406 1164 1451 M.
1189 1407 1402 1466 Geganius

79 1484 277 1515 censores
304 1471 660 1525 fuerunt,'censor
687 1472 884 1516 fuisses.'’
945 1471 1116 1530 Negare
1145 1473 1310 1530 Appius
1339 1472 1439 1518 in-6

79 1534 408 1591 terrogationem
428 1535 590 1580 tribuni
610 1551 762 1594 magno
783 1551 909 1593 opere
931 1536 982 1580 ad
1005 1551 1172 1580 causam
1193 1537 1403 1594 pertinere

79 1613 225 1643 suam:
266 1615 365 1644 nam
406 1604 450 1645 et
490 1601 526 1645 si
555 1601 740 1645 tenuerit
779 1600 848 1644 lex
877 1600 1048 1644 AEmilia
1087 1615 1158 1644 cos
1194 1615 1400 1655 censores,

81 1677 260 1721 quorum
280 1664 325 1708 in
345 1665 598 1723 magistratu
616 1664 703 1708 lata
723 1669 848 1718 esset,
863 1666 961 1723 quia
981 1675 1079 1722 post
1100 1665 1192 1709 illos
1209 1680 1402 1711 censores

79 1730 242 1772 creatos
259 1743 351 1773 eam
366 1729 502 1788 legem
518 1729 702 1787 populus
712 1730 913 1786 jussisset
930 1729 1123 1787 quodque
1144 1734 1402 1787 postremum

0 1841 2 1843 ,
74 1792 276 1849 jussisset
302 1793 347 1838 id
370 1797 445 1851 jus
473 1799 695 1851 ratumque
726 1798 851 1846 esset,
873 1808 960 1837 non
988 1797 1131 1838 tamen
1159 1800 1231 1838 aut
1253 1810 1298 1839 se
1329 1800 1401 1839 aut

79 1870 226 1901 eorum
261 1873 526 1917 quemquam,
563 1859 635 1917 qui
667 1863 764 1916 post
804 1873 895 1903 eam
930 1857 1065 1915 legem
1104 1858 1231 1902 latam
1272 1860 1403 1904 creati

80 1935 274 1967 censores
313 1928 467 1977 essent,
504 1924 641 1968 teneri
680 1938 730 1967 ea
769 1922 861 1981 lege
902 1923 1102 1978 potuisse.
1164 1923 1271 1968 Haec
1311 1924 1520 1988 sine(34)

79 1984 206 2030 ullius
236 1987 418 2032 adsensu
448 1987 667 2033 cavillante
697 1988 838 2045 Appio
869 1986 1018 2031 “Est'’
1045 1987 1194 2045 inquit,
1220 1987 1401 2036 “Quiri-

79 2053 160 2105 tes,
178 2050 292 2097 illius
312 2053 442 2110 Appii
461 2053 695 2111 progenies,
719 2053 792 2110 qui
818 2051 1026 2096 decemvir
1051 2051 1096 2096 in
1115 2067 1271 2097 annum
1291 2068 1402 2098 crea·

79 2117 152 2158 tus
173 2114 305 2161 altero
326 2132 435 2162 anno
463 2133 508 2162 se
535 2117 625 2175 ipse
653 2116 825 2169 creavit,
844 2116 973 2161 tertio
1001 2131 1080 2161 nec
1099 2116 1152 2161 ab
1179 2132 1225 2162 se
1251 2133 1329 2163 nec
1349 2118 1402 2164 ab

80 2177 168 2223 ullo
194 2185 361 2227 creatus
389 2182 579 2241 privatus
609 2181 745 2226 fasces
775 2185 819 2225 et
845 2180 1068 2239 imperium
1097 2181 1293 2236 obtinuit,
1324 2199 1402 2228 nec

81 2246 180 2293 ante
215 2246 501 2293 continuando
536 2245 704 2294 abstitit
733 2245 985 2304 magistratu
1015 2261 1141 2306 quam
1175 2246 1402 2297 obruerent

140 2327 212 2355 ur.
227 2328 320 2356 mss.
338 2330 367 2360 ι.
699 2323 727 2357 P
746 2324 775 2370 p
