1649 2452
209 82 287 121 526
521 78 574 119 T.
601 77 751 117 LIVII
784 76 1207 117 HISTORIARUM
1336 129 1383 170 [Δ
1410 131 1436 162 c
1463 131 1522 162 322

209 171 341 217 errori
362 172 543 217 humano
564 172 728 216 veniam
747 170 1038 217 adolescentiae
1059 172 1113 220 (22.
1130 171 1250 216 Fabii
1270 170 1402 224 daret,
1422 174 1527 218 satis

209 252 306 282 eum
333 251 551 294 poenarum
579 236 768 280 dedisse:
795 238 884 292 jam
912 237 1004 294 ipse
1031 236 1272 281 adolescens
1297 236 1385 294 jam
1407 241 1528 294 pater

209 301 273 346 M.
295 301 451 345 Fabius
479 300 765 346 contentionis
790 300 911 345 obliti
936 300 1210 357 procumbere
1239 300 1292 344 ad
1319 315 1458 358 genua
1484 305 1529 347 et

173 375 314 412 31ram
341 365 555 423 deprecari
583 365 814 410 dictatoris.
875 365 983 409 Tum
1012 365 1194 410 dictator
1218 365 1385 410 silentio
1414 365 1528 411 facto

212 435 239 454 “
258 432 375 475 Bene
402 430 557 474 habet''
580 429 730 488 inquit,
754 433 781 452 “
797 429 1012 478 Quirites:
1045 430 1148 474 vicit
1177 430 1396 488 disciplina
1421 430 1530 475 mili-

208 496 324 547 taris,
345 495 447 539 vicit
473 494 636 552 imperii
667 497 878 551 maJ'estas,
903 510 995 552 quae
1014 495 1059 538 in
1087 494 1329 539 discrimine
1356 494 1530 540 fuerunt

210 575 263 604 an
283 559 369 604 ulla
388 562 485 617 post
512 559 621 604 hanc
649 558 759 603 diem
787 564 955 603 essent:
986 574 1072 603 non
1099 573 1219 603 noxae
1247 558 1446 603 eximitur
1475 559 1527 613 Q.

208 624 377 678 Fabius,
407 623 479 682 qui
508 627 656 668 contra
690 623 875 668 edictum
908 623 1172 681 imperatoris
1203 623 1422 681 pugnavit,
1453 623 1529 669 sed

209 704 328 733 noxae
359 688 581 732 damnatus
613 687 793 732 donatur
822 687 977 745 populo
1005 688 1210 741 Romano,
1240 686 1422 732 donatur
1450 688 1530 732 tri-

209 753 386 798 buniciae
416 753 620 809 potestati
648 752 884 809 precarium
913 766 999 795 non
1030 752 1193 809 justum
1229 751 1431 796 auxilium
1465 752 1528 797 fe-

174 818 333 864 4renti.
394 817 515 870 Vive,
550 817 711 865 Quinte
742 816 860 871 Fabi,
887 816 1049 860 felicior
1079 816 1158 860 hoc
1189 831 1397 860 consensu
1427 817 1530 862 civi-

209 882 311 926 tatis
343 881 397 925 ad
425 880 630 925 tuendum
659 885 704 925 te
736 895 862 938 quam
893 895 977 938 qua
1006 880 1131 938 paulo
1158 885 1256 925 ante
1286 880 1529 926 exsultabas

209 946 410 991 victoria:
452 945 558 998 vive,
590 945 635 989 id
665 946 827 989 facinus
859 960 1000 997 ausus,
1031 948 1153 1003 cujus
1184 944 1263 989 tibi
1293 960 1347 989 ne
1377 960 1529 1002 parens

211 1009 392 1068 quidem,
425 1010 462 1054 si
501 1009 647 1054 eodem
687 1009 779 1054 loco
814 1009 966 1054 fuisset
1007 1024 1090 1067 quo
1130 1008 1213 1052 fuit
1248 1009 1299 1054 L.
1323 1009 1532 1068 Papirius,

174 1075 376 1121 5vem'am
406 1073 603 1119 dedisset.
665 1074 839 1119 Mecum
871 1078 922 1118 ut
952 1074 1066 1118 voles
1099 1074 1322 1118 reverteris
1356 1074 1402 1118 in
1435 1089 1532 1133 gra-

209 1140 338 1184 tiam:
380 1139 535 1197 populo
569 1139 776 1193 Romano,
807 1138 877 1183 cui
911 1139 1042 1183 vitam
1078 1138 1218 1191 debes,
1250 1138 1355 1183 nihil
1394 1138 1531 1196 majus

207 1204 455 1262 praestiteris
477 1218 601 1262 quam
623 1204 659 1247 si
678 1203 746 1247 hic
767 1203 846 1247 tibi
867 1203 955 1247 dies
977 1203 1080 1247 satis
1102 1202 1345 1248 documenti
1365 1202 1530 1247 dederit

170 1277 193 1315 6
209 1273 257 1313 ut
278 1268 386 1313 bello
407 1284 455 1312 ac
478 1283 580 1326 pace
606 1268 697 1326 pati
723 1267 913 1326 legitima
940 1268 1114 1325 imperia
1141 1267 1319 1325 possis.'’
1382 1267 1531 1316 Quum

208 1349 253 1378 se
282 1332 387 1377 nibil
415 1333 570 1377 morari
605 1333 854 1390 magistrum
884 1332 1076 1389 equitum
1106 1332 1439 1389 pronuntiasset,
1470 1331 1534 1376 di-

208 1413 401 1455 gressum
434 1412 527 1441 eum
565 1397 723 1454 templo
758 1397 880 1441 laetus
917 1400 1089 1441 senatus
1124 1396 1260 1441 laetior
1289 1395 1533 1454 populus—

209 1461 452 1507 circumfusi
484 1476 531 1506 ac
558 1461 822 1520 gratulantes
852 1461 951 1506 hinc
981 1461 1184 1519 magistro
1213 1461 1403 1518 equitum
1432 1460 1532 1506 hinc

209 1526 715 1584 dictatori—prosequuti
746 1529 858 1579 sunt,
881 1526 1179 1583 firmatumque
1206 1525 1426 1583 imperium
1454 1525 1533 1570 mi-

209 1591 331 1636 litare
369 1590 484 1634 haud
525 1591 663 1634 minus
704 1590 890 1648 periculo
928 1591 976 1643 Q.
999 1590 1120 1635 Fabii
1161 1605 1286 1648 quam
1326 1589 1532 1647 supplicio

173 1663 194 1705 7
212 1654 439 1700 miserabili
467 1654 744 1700 adolescentis
771 1654 923 1699 Manlii
942 1654 1176 1699 videbatur.
1238 1654 1367 1699 Forte
1394 1655 1456 1698 ita
1482 1669 1532 1699 eo

213 1735 322 1765 anno
353 1719 494 1764 evenit
528 1723 591 1773 ut,
624 1720 1001 1778 quotienscumque
1037 1718 1219 1764 dictator
1254 1718 1305 1763 ab
1341 1718 1532 1764 exercitu

212 1785 400 1838 recessit,
432 1784 577 1829 hostes
617 1784 662 1829 in
705 1785 874 1828 Samnio
914 1788 1212 1828 moverentur:
1253 1786 1451 1828 caeterum
1487 1783 1532 1827 iu

212 1849 343 1895 oculis
371 1848 610 1907 exemplum
638 1852 730 1894 erat
752 1850 802 1903 Q.
824 1848 980 1894 Fabius
1007 1849 1071 1893 M.
1093 1847 1263 1893 Valerio
1292 1847 1432 1906 legato
1460 1847 1530 1905 qui

213 1914 363 1959 castris
403 1917 594 1972 praeerat,
629 1929 683 1958 ne
724 1929 847 1972 quam
885 1914 969 1958 vim
1010 1913 1195 1958 hostium
1234 1913 1369 1971 magis
1406 1927 1532 1971 quam

212 1982 374 2024 trucem
411 1978 629 2023 dictatoris
660 1979 764 2023 iram
794 1979 988 2023 timeret:
1031 1978 1172 2036 itaque
1203 1977 1531 2022 frumentatores

215 2059 344 2101 quum
374 2043 650 2088 circumventi
681 2058 733 2088 ex
761 2043 922 2088 insidiis
954 2043 1051 2088 caesi
1081 2042 1173 2087 loco
1203 2042 1346 2100 iniquo
1377 2045 1532 2097 essent,

216 2107 421 2152 creditum
456 2107 584 2166 vulgo
626 2111 692 2152 est
727 2107 940 2153 subveniri
975 2107 1035 2152 eis
1071 2106 1122 2151 ab
1162 2106 1302 2164 legato
1343 2106 1533 2164 potuisse

180 2172 260 2222 8ni
279 2172 419 2216 tristia
439 2172 576 2217 edicta
603 2173 902 2218 exhorruisset.
963 2172 1028 2218 Ea
1055 2186 1221 2232 quoque
1247 2171 1309 2217 ira
1337 2171 1532 2217 alienavit

217 2252 245 2293 a
276 2235 482 2291 dictatore
515 2237 697 2287 militum
732 2238 892 2288 animos
922 2238 1013 2296 iam
1046 2241 1144 2286 ante
1158 2235 1384 2297 hiienses,
1418 2234 1534 2304 quod
