1649 2452
192 107 271 146 620
514 107 558 146 T.
583 106 731 145 LIVII
762 106 1183 146 HISTORIARUM
1310 160 1356 199 [A
1387 161 1412 192 c
1440 160 1502 194 296

151 206 174 243 2
192 199 419 244 multitudo
451 200 504 244 ad
533 203 673 244 castra
702 200 951 245 Samnitium
981 200 1270 245 conveniebat.
1332 202 1420 250 Qui
1446 206 1516 246 tu-

189 264 348 308 multus
388 279 538 321 repens
574 267 797 321 postquam
834 268 900 309 est
938 265 1118 309 Romam
1154 265 1352 323 perlatus,
1385 281 1516 324 quum

185 328 271 385 jam
293 328 348 372 L.
370 328 622 372 Volumnius
640 328 786 372 consul
807 344 902 373 cum
922 328 1088 386 legione
1115 328 1299 373 secunda
1319 345 1367 374 ac
1387 329 1516 374 tertia

190 392 482 451 sociorumque
512 392 696 436 millibus
719 392 954 449 quindecim
986 393 1202 450 profectus
1223 393 1269 437 in
1299 394 1515 438 Samnium

190 460 315 509 esset,
337 458 419 514 Ap.
439 456 661 500 Claudium
682 457 815 513 primo
839 472 1004 515 quoque
1024 462 1214 515 tempore
1233 457 1278 501 in
1297 457 1515 502 Etruriam

191 519 250 564 ire
271 520 457 578 placuit:
491 520 584 564 duae
616 521 818 565 Romanae
853 521 1039 578 legiones
1076 525 1266 579 sequutae
1301 522 1436 579 prima
1471 525 1516 567 et

191 588 342 641 quarta
361 588 404 628 et
425 584 633 628 sociorum
655 584 874 628 duodecim
894 585 1047 629 millia:
1080 589 1220 630 castra
1237 585 1352 629 haud
1371 584 1518 644 procul

152 648 243 692 3ab
283 648 407 692 hoste
446 649 596 705 posita.
660 649 869 694 Caeterum
911 664 960 693 eo
999 649 1133 706 magis
1174 650 1412 707 profectum
1451 654 1518 694 est

192 711 303 770 quod
330 716 494 757 mature
521 718 696 757 ventum
725 716 828 765 erat,
852 716 902 757 ut
931 712 1134 771 quosdam
1164 718 1405 771 spectantes
1426 716 1518 771 jam

192 791 306 820 arma
332 775 517 821 Etruriae
545 778 722 835 populos
751 783 890 821 metus
922 777 1104 821 Romani
1131 777 1312 822 nominis
1341 777 1519 836 compri-

192 843 337 895 meret,
369 856 495 899 quam
529 841 642 899 quod
679 841 811 886 ductu
842 841 1024 886 consulis
1057 841 1279 900 quicquam
1314 842 1375 886 ibi
1415 841 1517 886 satis

194 905 298 948 scite
333 909 407 948 aut
440 905 655 949 fortunate
686 909 854 963 gestum
887 906 970 950 sit:
1002 905 1137 949 multa
1165 905 1312 962 proelia
1340 905 1443 950 locis
1473 912 1518 950 et

194 969 455 1026 temporibus
476 969 630 1026 iniquis
659 969 880 1013 commissa
901 985 1079 1026 spesque
1099 969 1144 1013 in
1171 969 1260 1013 dies
1282 969 1518 1025 graviorem

193 1032 357 1078 hostem
388 1033 580 1086 faciebat,
604 1037 647 1077 et
666 1034 751 1091 jam
782 1049 912 1091 prope
940 1038 1030 1078 erat
1059 1038 1108 1077 ut
1138 1049 1215 1078 nec
1237 1033 1336 1078 duci
1362 1033 1517 1078 milites

155 1101 272 1142 4nec
301 1097 505 1142 militibus
538 1097 625 1142 dux
655 1099 757 1141 satis
791 1097 951 1142 fideret.
1013 1097 1202 1142 Litteras
1234 1097 1286 1142 ad
1316 1097 1518 1156 collegam

196 1161 493 1206 accersendum
523 1177 577 1206 ex
609 1162 776 1206 Samnio
803 1161 952 1206 missas
980 1162 1025 1206 in
1055 1162 1178 1206 trinis
1210 1161 1428 1206 annalibus
1457 1162 1518 1206 in-

195 1226 344 1270 venio:
385 1226 504 1284 piget
545 1231 688 1270 tamen
727 1226 934 1270 incertum
974 1241 1142 1284 ponere,
1174 1242 1304 1284 quum
1344 1241 1394 1271 ea
1427 1227 1519 1282 ipsa

195 1290 306 1335 inter
326 1291 519 1336 consules
541 1291 685 1348 populi
705 1291 886 1335 Romani
900 1294 989 1348 jam
1017 1292 1172 1335 iterum
1193 1290 1341 1336 eodem
1361 1291 1518 1335 honore

195 1355 420 1413 fungentes
461 1354 710 1413 discrepatio
750 1355 891 1407 fuerit,
929 1355 1067 1413 Appio
1103 1355 1313 1400 abnuente
1354 1355 1517 1408 missas,

156 1425 178 1461 5
196 1420 422 1464 Volumnio
453 1419 698 1464 adfirmante
733 1419 862 1477 Appii
892 1435 937 1464 se
978 1419 1132 1464 litteris
1168 1420 1361 1464 accitum.
1421 1419 1519 1464 Jam

197 1484 448 1528 Volumnius
485 1485 528 1528 in
562 1484 730 1528 Samnio
760 1484 844 1527 tria
873 1483 1046 1528 castella
1077 1487 1257 1542 ceperat,
1291 1484 1336 1528 in
1366 1483 1518 1542 quibus

197 1548 248 1593 ad
278 1550 361 1594 tria
393 1548 521 1592 millia
552 1548 737 1592 hostium
768 1563 874 1592 caesa
905 1551 1037 1601 erant,
1062 1548 1279 1592 dimidium
1309 1548 1397 1593 fere
1426 1548 1519 1606 ejus

197 1618 380 1671 captum,
410 1618 453 1658 et
481 1613 749 1658 Lucanorum
779 1612 1006 1657 seditiones
1034 1628 1058 1656 a
1085 1612 1260 1670 plebeiis
1287 1617 1331 1657 et
1358 1612 1520 1672 egenti-

197 1678 275 1723 bus
312 1678 488 1722 ducibus
529 1681 643 1721 ortas
685 1692 848 1721 summa
887 1677 1154 1735 optimatium
1186 1677 1405 1722 voluntate
1445 1692 1520 1734 per

199 1743 253 1791 Q.
276 1743 451 1787 Fabium
474 1757 549 1800 pro
571 1741 740 1786 consule
770 1741 946 1785 missum
973 1756 1023 1786 eo
1051 1757 1146 1786 cum
1167 1745 1310 1786 vetere
1331 1741 1520 1786 exercitu

198 1812 527 1865 compresserat:
560 1806 693 1850 Decio
725 1805 986 1864 populandos
1020 1805 1208 1850 hostium
1240 1821 1364 1864 agros
1398 1804 1520 1850 relin-

199 1872 301 1929 quit,
325 1873 414 1929 ipse
435 1887 529 1916 cum
561 1871 648 1915 suis
670 1870 798 1928 copiis
820 1871 864 1914 in
884 1870 1100 1914 Etruriam
1132 1869 1185 1914 ad
1205 1870 1403 1928 collegam
1426 1884 1520 1927 per-

198 1937 287 1994 git:
319 1951 443 1994 quem
472 1935 763 1980 advenientem
790 1934 878 1979 laeti
907 1950 1052 1979 omnes
1081 1950 1301 1992 accepere:
1333 1934 1520 1992 Appium

199 2016 251 2045 ex
281 2001 538 2045 conscientia
567 2015 644 2044 sua
680 1998 804 2043 credo
835 1999 1018 2043 animum
1050 1998 1259 2052 habuisse,
1291 1997 1404 2043 haud
1444 1998 1521 2042 im-

198 2066 347 2109 merito
387 2065 542 2109 iratum
583 2065 619 2108 si
654 2063 759 2108 nihil
799 2064 1015 2121 scipserat,
1048 2062 1239 2108 illiberali
1274 2067 1318 2107 et
1353 2063 1520 2120 ingrato

199 2131 349 2183 animo,
371 2130 406 2173 si
434 2132 608 2187 eguerat
636 2144 728 2186 ope,
750 2127 1106 2172 dissimulantem:
1144 2128 1214 2171 vix
1244 2127 1353 2171 enim
1384 2126 1521 2171 salute

198 2198 346 2239 mutua
358 2193 521 2238 reddita
534 2209 666 2251 quum
679 2192 843 2238 obviam
856 2208 1050 2251 egressus
1064 2196 1187 2247 essct,
1196 2191 1361 2236 “Satin'
1377 2191 1520 2236 salve”

199 2259 337 2317 inquit
365 2261 389 2283 “
405 2259 457 2305 L.
486 2258 716 2304 Volumni?
748 2261 798 2303 ut
828 2272 920 2303 sese
951 2257 996 2303 in
1027 2257 1196 2302 Samnio
1225 2271 1293 2303 res
1328 2255 1520 2302 habent?
