1649 2452
171 57 252 96 488
493 57 540 97 Τ.
559 57 710 99 LIVII
745 57 1163 99 HISTORIARUM
1280 110 1327 151 [Δ
1353 113 1381 145 c
1405 112 1467 149 387

172 151 299 206 caput
334 152 539 208 quateret,
570 153 755 197 excussit
796 153 991 211 equitem,
1025 169 1149 212 quem
1184 153 1355 211 cuspide
1385 170 1481 212 par-

171 227 319 271 maque
346 214 535 259 innixum
564 216 834 260 adtollentem
861 233 906 262 se
935 217 985 261 ab
1016 218 1132 275 gravi
1164 232 1263 261 casu
1294 217 1480 263 Manlius

172 277 222 321 ab
253 278 404 336 jugulo
444 279 505 323 ita
538 283 587 323 ut
627 295 702 337 per
742 284 880 325 costas
920 281 1075 326 ferrum
1118 281 1318 325 emineret
1357 286 1481 327 terrae

170 339 339 389 adfixit:
372 342 596 400 spoliisque
625 343 747 388 lectis
777 344 830 388 ad
859 360 957 389 suos
985 350 1178 389 revectus
1206 360 1299 389 cum
1329 349 1481 390 ovante

169 404 322 462 gaudio
354 409 494 450 turma
522 408 567 451 in
600 410 740 452 castra
773 411 899 466 atque
933 409 1030 453 inde
1065 409 1118 452 ad
1152 409 1392 466 praetorium
1429 409 1482 454 ad

169 472 330 525 patrem
361 470 728 528 tendit—ignarus
765 471 866 516 facti
895 472 1123 530 futurique,
1155 473 1246 516 laus
1277 488 1330 516 an
1359 489 1481 531 poena

168 533 318 577 merita
339 538 474 578 esset:
510 539 537 556 “
551 534 614 579 Ut
634 551 700 579 me
721 536 892 580 omnes”
913 536 1063 593 inquit,
1091 541 1117 558 “
1130 540 1259 593 pater,
1283 541 1358 581 tuo
1387 553 1481 580 san-

169 597 296 653 guine
331 601 468 641 ortum
505 613 603 643 vere
643 599 814 653 ferrent,
851 606 1102 658 provocatus
1144 600 1353 657 equestria
1392 601 1480 645 haec

132 661 300 718 8spolia
329 665 451 719 capta
477 678 529 707 ex
556 663 678 708 hoste
705 679 811 708 caeso
841 668 1003 722 porto.''
1067 664 1194 714 Quod
1221 666 1295 711 ubi
1322 666 1480 710 audivit
1503 674 1506 676 ’

168 725 325 780 consul,
359 727 568 785 extemplo
608 727 738 772 filium
778 734 994 773 aversatus
1029 731 1272 774 concionem
1308 731 1480 774 classico

132 789 360 834 9advocari
386 790 526 848 jussit.
589 792 695 839 Quae
730 792 802 836 ubi
833 793 1027 850 frequens
1060 796 1266 850 convenit,
1298 794 1480 842 “Quan-

168 852 332 912 doque''
352 855 489 913 inquit
513 859 611 912 “tu,
627 857 674 900 T.
697 857 843 911 Manli,
866 874 1002 915 neque
1023 859 1242 916 imperium
1263 858 1479 903 consulare

166 932 302 975 neque
336 919 598 976 majestatem
637 921 815 978 patriam
854 922 1013 966 veritus
1054 922 1252 966 adversus
1294 922 1478 966 edictum

165 984 357 1026 nostrum
378 987 497 1027 extra
516 984 702 1028 ordinem
723 985 767 1028 in
787 985 950 1029 hostem
971 987 1183 1044 pugnasti,
1204 990 1247 1030 et
1276 991 1478 1044 quantum

165 1045 210 1089 in
243 1049 287 1090 te
321 1046 404 1091 fuit
444 1047 702 1106 disciplinam
735 1049 969 1103 militarem,
1007 1065 1089 1108 qua
1123 1051 1244 1094 stetit
1284 1050 1336 1094 ad
1370 1051 1478 1095 hanc

166 1109 275 1154 diem
302 1110 494 1156 Romana
517 1127 598 1167 res,
619 1113 792 1166 solvisti,
820 1129 967 1171 meque
994 1113 1039 1158 in
1065 1129 1156 1158 eam
1183 1115 1477 1159 necessitatem

165 1173 379 1220 adduxisti
398 1179 449 1219 ut
476 1179 550 1220 aut
577 1177 639 1221 rei
665 1177 840 1234 publicae
867 1177 969 1221 mihi
997 1181 1070 1222 aut
1098 1178 1181 1222 mei
1207 1193 1476 1237 meorumque

164 1236 489 1283 obliviscendum
522 1241 590 1293 sit,
619 1256 697 1285 nos
724 1242 865 1299 potius
892 1246 1038 1286 nostro
1066 1241 1218 1286 delicto
1246 1242 1478 1300 plectemur

164 1316 289 1359 quam
307 1318 375 1348 res
397 1304 564 1361 publica
581 1308 702 1350 tanto
724 1321 800 1350 suo
822 1305 972 1350 damno
993 1310 1139 1350 nostra
1164 1312 1336 1364 peccata
1360 1306 1474 1351 luat:

162 1367 287 1412 triste
327 1368 563 1426 exemplum
605 1369 679 1414 sed
717 1370 762 1414 in
801 1374 1017 1427 posterum
1059 1370 1223 1415 salubre
1257 1371 1477 1427 juventuti

102 1436 150 1474 10
163 1430 330 1476 erimus.
391 1432 466 1477 Me
508 1433 675 1491 quidem
717 1451 844 1493 quum
885 1435 1073 1493 ingenita
1113 1435 1264 1479 caritas
1298 1435 1476 1480 liberum

160 1498 253 1539 tum
289 1497 500 1554 specimen
539 1498 655 1542 istud
689 1499 860 1543 virtutis
898 1500 1119 1558 deceptum
1156 1515 1262 1544 vana
1295 1500 1476 1560 imagine

160 1558 320 1604 decoris
341 1561 449 1605 inte
469 1569 635 1606 movet:
669 1563 743 1607 sed
770 1578 863 1607 cum
887 1569 960 1608 aut
989 1569 1124 1608 morte
1150 1569 1229 1608 tua
1255 1562 1477 1608 sancienda

159 1623 245 1668 sint
284 1625 502 1669 consulum
538 1626 712 1684 imperia
746 1631 820 1671 aut
855 1628 1106 1684 impunitate
1141 1629 1185 1673 in
1223 1632 1475 1686 perpetuum

159 1687 408 1746 abroganda,
431 1705 508 1734 nec
528 1694 572 1734 te
594 1691 773 1748 quidem,
798 1692 834 1736 si
855 1692 955 1750 quid
975 1693 1019 1737 iu
1039 1697 1083 1737 te
1103 1693 1238 1737 nostri
1258 1693 1474 1752 sanguinis

158 1756 235 1806 est,
256 1768 449 1798 recusare
476 1769 666 1799 censeam
688 1756 788 1814 quin
816 1755 1075 1815 disciplinam
1103 1757 1323 1801 militarem
1352 1758 1475 1815 culpa

98 1828 140 1863 11
158 1826 232 1859 tua
258 1818 492 1876 prolapsam
519 1834 641 1876 poena
667 1820 880 1866 restituas.
942 1821 978 1874 I,
1002 1821 1134 1874 lictor,
1158 1820 1295 1879 deliga
1322 1821 1374 1865 ad
1402 1837 1474 1878 pa-

97 1880 285 1925 l2lum.”
345 1882 588 1927 Exanimati
607 1899 750 1929 omnes
775 1889 862 1929 tam
890 1886 1020 1930 atroci
1047 1886 1220 1944 imperio
1247 1901 1324 1930 nec
1352 1885 1474 1930 aliter

157 1961 280 2002 quam
300 1946 344 1990 in
365 1962 409 1991 se
430 1947 606 2005 quisque
627 1947 870 1993 destrictam
894 1954 1112 1995 cernentes
1140 1965 1326 1994 securem
1355 1954 1473 1995 metu

158 2011 289 2067 magis
330 2027 453 2068 quam
489 2012 694 2057 modestia
729 2014 947 2072 quievere:
979 2015 1122 2072 itaque
1157 2014 1273 2059 velut
1309 2029 1472 2059 emerso

157 2077 208 2118 ab
239 2074 510 2121 admiratione
541 2077 691 2131 animo,
724 2088 858 2136 quum
888 2078 1055 2123 silentio
1085 2078 1209 2124 defixi
1238 2079 1470 2135 stetissent,

156 2144 340 2195 repente,
373 2144 594 2198 postquam
631 2142 791 2188 cervice
821 2158 928 2188 caesa
956 2143 1077 2188 susus
1108 2148 1174 2188 est
1210 2159 1345 2197 cruor,
1377 2147 1471 2188 tum

155 2202 286 2249 libero
315 2210 549 2263 conquestu
576 2211 730 2253 coortae
757 2222 881 2254 voces
911 2210 1011 2253 sunt
1034 2211 1084 2254 ut
1110 2223 1248 2266 neque
1274 2207 1469 2254 lamentis
