1649 2452
166 75 244 112 600
485 75 528 113 Τ.
557 74 706 113 L1V11
739 71 1155 113 HISTORIARUM
1271 127 1317 166 [A
1347 127 1372 156 c
1399 126 1456 158 301

163 165 343 211 bellum:
374 166 574 212 coloniam
597 184 707 227 aegre
734 169 942 228 patientes
962 168 1078 213 velut
1106 182 1242 212 arcem
1273 167 1360 211 suis
1381 167 1474 210 fini-

161 229 241 274 bus
281 231 518 289 impositam
560 248 722 277 summa
756 234 799 277 vi
833 248 1073 291 expugnare
1114 231 1251 276 adorti
1285 230 1337 275 ab
1371 231 1474 288 ipsis

125 294 319 340 7colonis
350 296 575 353 pelluntur.
639 297 849 342 Caeterum
883 301 1049 342 tantum
1087 297 1234 341 Romae
1269 299 1473 340 terrorem

162 357 309 412 fecere,
335 361 431 417 quia
450 361 521 404 vix
548 360 743 405 credibile
772 365 861 406 erat
888 365 975 405 tam
1008 361 1182 405 adfectis
1210 359 1335 404 rebus
1364 360 1474 404 solos

163 437 238 479 per
273 439 317 467 se
352 424 514 481 AEquos
555 423 607 468 ad
647 425 803 470 bellum
840 430 1019 480 coortos,
1054 429 1103 468 ut
1138 423 1346 468 tumultus
1382 427 1474 480 ejus

162 501 288 530 causa
315 487 494 532 dictator
522 488 731 533 diceretur
760 489 808 533 C.
831 490 859 533 J
861 489 986 533 unius
1014 488 1256 534 Bubulcus:
1289 503 1383 532 cum
1407 486 1472 532 M.

123 549 317 594 8Titinio
351 551 553 609 magistro
588 553 778 611 equitum
817 553 1032 611 profectus
1072 553 1205 610 primo
1246 567 1472 610 congressu

160 614 323 669 AEquos
359 615 538 673 subegit,
575 632 622 661 ac
658 616 725 662 die
760 621 909 662 octavo
943 617 1207 674 triumphans
1243 616 1288 660 in
1326 615 1472 660 urbem

162 694 289 736 quum
329 679 525 733 redisset,
564 680 694 725 aedem
736 681 906 735 Salutis,
950 697 1071 739 quam
1114 680 1262 726 consul
1300 683 1472 725 voverat

162 757 308 787 censor
328 743 548 798 locaverat,
572 744 753 790 dictator
773 745 991 790 dedicavit.

18 832 20 836 ν
75 803 147 856 (2)
218 807 378 851 Eodem
405 824 512 852 anno
535 809 676 854 classis
706 809 943 855 Graecorum
971 809 1196 868 Cleonymo
1217 808 1321 854 duce
1340 809 1474 854 Lace-

161 869 363 916 daemonio
399 871 452 916 ad
487 873 621 918 Italiae
656 873 779 918 litora
819 874 992 932 adpulsa
1025 874 1202 918 Thurias
1242 873 1387 918 urbem
1427 874 1473 917 in

119 939 142 975 2
161 934 384 980 Salentinis
413 937 536 995 cepit.
597 937 812 983 Adversus
839 939 952 983 hunc
979 939 1143 983 hostem
1171 938 1317 983 consul
1340 938 1472 982 AEmi-

156 999 238 1043 lius
274 1002 425 1045 missus
461 1001 606 1059 proelio
641 1018 725 1048 uno
765 1003 961 1061 fugatum
997 1002 1197 1061 compulit
1231 1003 1276 1047 in
1314 1017 1470 1046 naves:

156 1063 324 1110 Thuriae
359 1065 532 1111 redditae
562 1068 695 1112 veteri
730 1068 882 1112 cultori
919 1067 1214 1125 Salentinoque
1250 1082 1351 1125 agro
1385 1081 1472 1124 pax

116 1135 139 1172 3
157 1132 289 1186 parta.
349 1130 523 1174 Junium
555 1131 791 1176 Bubulcum
827 1131 1073 1176 dictatorem
1108 1131 1282 1175 missum
1316 1131 1361 1175 in
1397 1131 1471 1174 Sa-

155 1192 336 1238 lentinos
357 1194 400 1238 in
422 1194 671 1252 quibusdam
692 1195 908 1241 annalibus
929 1196 1108 1251 invenio,
1130 1199 1172 1240 et
1195 1195 1468 1253 Cleonymum

154 1257 270 1315 prius
307 1274 431 1316 quam
470 1260 777 1318 confligendum
817 1264 928 1306 esset
968 1276 1064 1306 cum
1103 1259 1305 1305 Romanis
1344 1258 1471 1304 Italia

115 1327 139 1363 4
155 1323 395 1367 excessisse.
458 1324 770 1369 Circumvectus
790 1325 887 1369 inde
902 1324 1117 1369 Brundisii
1138 1323 1469 1382 promontorium

154 1386 372 1445 medioque
402 1387 498 1432 sinu
526 1388 774 1434 Hadriatico
803 1389 939 1434 ventis
967 1389 1091 1442 latus,
1115 1404 1242 1446 quum
1270 1388 1373 1433 laeva
1392 1388 1468 1432 im·

153 1455 354 1507 portuosa
399 1451 536 1497 Italiae
582 1453 716 1509 litora,
758 1452 909 1498 dextra
947 1453 1082 1512 Illyrii
1121 1452 1383 1511 Liburnique
1423 1456 1467 1497 et

153 1514 297 1559 Histri
324 1519 472 1574 gentes
501 1516 599 1561 serae
627 1523 669 1562 et
699 1534 851 1576 magna
878 1533 931 1562 ex
950 1522 1070 1575 parte
1096 1517 1325 1562 latrociniis
1345 1518 1467 1562 mari-

151 1578 265 1623 timis
296 1580 471 1625 infames
502 1586 720 1635 terrerent,
753 1582 922 1640 penitus
959 1582 1012 1626 ad
1046 1581 1170 1626 litora
1204 1582 1466 1627 Venetorum

111 1650 133 1686 5
151 1644 353 1700 pervenit.
414 1645 630 1703 Expositis
658 1647 802 1704 paucis
832 1647 905 1704 qui
930 1646 1022 1691 loca
1048 1646 1315 1704 explorarent
1337 1663 1465 1706 quum

151 1707 342 1753 audisset
364 1713 491 1754 tcnuc
513 1715 764 1768 praetentum
792 1711 894 1755 litus
924 1726 1028 1764 csse,
1053 1709 1165 1769 quod
1192 1712 1464 1770 transgressis

150 1778 301 1829 stagna
330 1773 381 1818 ab
412 1778 533 1832 tergo
564 1775 648 1819 sint
679 1776 838 1834 irrigua
873 1775 1045 1820 aestibus
1076 1776 1307 1830 maritimis,
1340 1791 1464 1834 agros

149 1835 260 1880 haud
282 1838 427 1895 procul
447 1840 660 1896 proximos
682 1843 934 1897 campestres
958 1840 1082 1894 cerni,
1104 1839 1304 1885 ulteriora
1324 1841 1462 1896 colles,

147 1900 279 1945 videri
301 1917 391 1946 csse
421 1903 574 1947 ostium
593 1904 774 1949 ssuminis
802 1904 963 1962 praealti
979 1919 1060 1962 quo
1082 1904 1308 1963 circumagi
1334 1920 1462 1950 naves

146 1963 191 2008 in
212 1966 436 2011 stationem
458 1971 594 2012 tutam
616 1967 1115 2013 vidissent—Meduacus
1137 1969 1269 2013 amnis
1291 1973 1459 2014 erat—2

146 2043 196 2072 eo
243 2029 450 2075 invectam
492 2032 665 2077 classem
707 2033 847 2078 subire
887 2033 1057 2077 flumine
1105 2032 1279 2078 adverso
1313 2034 1459 2090 jussit.

147 2093 422 2140 Gravissimas
453 2097 620 2141 navium
655 2113 740 2142 non
775 2097 949 2155 pertulit
985 2097 1127 2142 alveus
1161 2097 1368 2142 fluminis:
1415 2099 1460 2142 111

143 2156 299 2202 leviora
338 2161 504 2219 navigia
544 2165 809 2221 transgressa
848 2161 1075 2207 multitudo
1115 2167 1368 2207 armatorum
1405 2163 1459 2207 ad

143 2221 385 2282 frequentes
421 2226 740 2284 agros-tribus
775 2226 995 2273 maritimis
1024 2225 1323 2274 Patavinorum
1354 2227 1457 2276 vicis
