1649 2452
568 73 685 113 LIB.
712 73 785 114 VI.
816 75 934 114 2—12
1332 77 1413 120 373

85 126 129 158 A.
146 126 182 159 c.
199 127 288 167 aaa]

86 182 164 225 pro
193 183 240 213 se
255 167 444 240 ‘quisque
473 166 697 212 tenderent
724 167 778 212 ad
806 176 963 227 portas,
987 167 1024 213 si
1051 182 1134 226 qua
1161 168 1272 214 forte
1299 184 1346 215 se
1364 172 1410 215 in

87 247 210 290 agros
226 232 377 290 ejicere
398 236 583 289 possent,
606 231 871 277 clausas—id
892 232 1002 278 enim
1023 232 1206 290 primum
1226 232 1410 279 dictator

84 295 564 354 imperaverat-portas
591 296 837 341 inveniunt:
879 296 976 341 inde
1007 296 1078 341 alii
1103 312 1219 342 arma
1243 311 1406 355 capere,

85 359 166 413 alii,
185 375 290 418 quos
310 362 420 405 forte
437 364 623 404 armatos
643 360 854 406 tumultus
869 365 1162 418 occupaverat,
1177 375 1408 407 convocare

85 439 184 469 suos
212 430 262 469 ut
293 424 484 483 proelium
513 425 694 469 inirent:
738 425 848 483 quod
878 440 1100 470 accensum
1130 425 1182 470 ab
1212 425 1408 484 despera-

84 488 201 533 tione
231 489 419 533 hostium
448 488 612 542 fuisset,
643 489 690 533 ni
719 504 932 547 praecones
962 504 1038 548 per
1066 489 1212 534 urbem
1244 489 1407 535 dimissi

84 554 184 612 poni
204 569 319 598 arma
338 558 382 598 et
403 555 517 611 parci
536 554 685 598 inermi
700 554 927 612 jussissent
946 570 1024 600 nec
1047 558 1209 627 praeter
1221 558 1404 599 armatos

85 633 336 677 quemquam
370 619 540 663 violari:
571 623 665 663 tum
706 619 846 673 etiam,
889 619 1043 678 quibus
1084 618 1213 664 animi
1245 619 1291 663 in
1330 634 1406 677 spe

83 682 232 727 ultima
253 683 456 728 obstinati
470 683 524 728 ad
544 682 844 728 decertandum
865 684 1045 738 fuerant,
1060 687 1285 742 postquam
1305 682 1406 728 data

84 761 181 805 spes
215 747 313 792 vitae
348 751 426 801 est,
461 747 621 805 jactare
653 749 809 806 passim
840 763 955 793 arma
983 749 1258 806 inermesque,
1292 747 1406 806 quod

83 812 220 856 tutius
250 811 423 856 fortuna
451 812 621 865 fecerat,
653 827 700 856 se
733 812 849 856 hosti
881 813 1044 857 offerre.
1105 811 1267 870 Magna
1298 811 1442 856 mul-9

84 875 224 921 titudo
250 877 296 921 in
322 875 535 921 custodias
566 876 722 920 divisa:
755 876 958 936 oppidum
987 880 1085 922 ante
1115 880 1283 922 noctem
1309 875 1405 921 red-

84 940 220 985 ditum
249 941 432 985 Sutrinis
459 941 706 985 inviolatum
733 941 1029 1000 integrumque
1060 940 1112 985 ab
1142 940 1257 986 omni
1286 939 1404 985 clade

82 1003 193 1060 belli,
221 1005 320 1064 quia
345 1021 431 1050 non
456 1006 499 1050 vi
526 1012 698 1064 captum
719 1005 794 1050 sed
812 1005 1016 1050 traditum
1044 1021 1120 1064 per
1141 1004 1402 1050 conditiones

83 1070 234 1114 fuerat.
298 1070 499 1115 Camillus
533 1071 579 1114 ιιι
613 1070 757 1115 urbem
800 1071 1067 1128 triumphans
1107 1070 1232 1115 rediit
1271 1069 1487 1123 trium(4)

83 1134 209 1179 simul
247 1134 451 1179 bellorum
491 1135 638 1180 victor.
698 1135 848 1194 Longe
882 1135 1084 1193 plurimos
1120 1135 1309 1193 captivos
1349 1149 1404 1179 ex

83 1199 276 1244 Etruscis
305 1203 403 1244 ante
432 1215 603 1245 currum
630 1199 765 1255 duxit,
794 1199 947 1258 quibus
975 1199 1054 1244 sub
1082 1199 1207 1244 hasta
1230 1214 1403 1243 venum-

84 1264 194 1308 datis
228 1268 396 1308 tantum
430 1265 524 1309 aeris
565 1263 781 1309 redactum
823 1268 900 1319 est,
936 1267 986 1308 ut
1021 1264 1158 1322 pretio
1189 1279 1264 1321 pro
1300 1277 1404 1307 auro

83 1329 285 1373 matronis
316 1328 532 1387 persoluto
562 1345 615 1374 ex
649 1344 699 1374 eo
735 1328 849 1387 quod
878 1334 1097 1386 supererat
1127 1332 1215 1373 tres
1246 1330 1403 1386 paterae

84 1409 219 1438 aureae
242 1393 363 1438 factae
384 1394 482 1447 sint,
505 1410 609 1452 quas
638 1409 734 1439 cum
754 1393 881 1438 titulo
902 1393 1081 1438 nominis
1111 1393 1276 1438 Camilli
1299 1395 1401 1436 ante

84 1457 340 1516 Capitolium
367 1458 585 1503 incensum
611 1458 657 1503 in
682 1458 710 1502 J
713 1458 802 1502 ovis
831 1458 935 1503 cella
962 1461 1130 1502 constat
1156 1460 1253 1502 ante
1273 1455 1402 1515 pedes

83 1522 111 1566 J
114 1523 263 1566 unonis
285 1522 442 1580 positas
457 1522 600 1568 fuisse.

141 1587 206 1631 Eo
247 1602 355 1631 anno
390 1586 435 1630 in
474 1587 688 1632 civitatem
728 1587 891 1645 accepti
931 1587 1004 1646 qui
1043 1586 1287 1632 Veientium
1325 1587 1406 1632 Ca·
1420 1601 1442 1635 2

83 1650 382 1709 penatiumque
410 1665 458 1695 ac
485 1650 745 1696 Faliscorum
772 1668 847 1710 per
875 1667 924 1696 ea
949 1651 1058 1696 bella
1086 1651 1406 1710 transfugerant

84 1715 137 1759 ad
180 1715 405 1767 Romanos,
448 1730 632 1773 agerque
671 1716 738 1760 his
778 1717 898 1761 novis
939 1715 1101 1761 civibus
1142 1715 1403 1774 adsignatus.

84 1779 291 1824 Revocati
326 1794 492 1838 quoque
524 1780 569 1824 in
602 1780 751 1825 urbem
784 1785 957 1826 senatus
995 1779 1188 1825 consulto
1219 1795 1244 1824 a
1274 1780 1442 1836 Veiis‚3

84 1845 157 1902 qui
184 1844 414 1889 aedificandi
436 1845 582 1890 Romae
604 1845 776 1904 pigritia
795 1845 1011 1903 occupatis
1036 1845 1096 1889 ibi
1116 1844 1258 1889 vacuis
1278 1846 1406 1890 tectis

87 1909 216 1953 Veios
247 1925 292 1954 se
323 1909 601 1954 contulerant.
662 1910 720 1954 Et
755 1910 890 1967 primo
926 1909 1121 1954 fremitus
1152 1909 1234 1953 fuit
1265 1918 1445 1968 asper-4

84 1974 274 2018 nantium
296 1974 544 2031 imperium:
576 1974 665 2018 dies
687 1973 837 2018 deinde
863 1974 1104 2032 praestituta
1133 1973 1407 2032 capitalisque

87 2053 220 2096 poena,
249 2040 322 2096 qui
353 2053 437 2082 non
467 2039 738 2097 remigrasset
770 2039 962 2091 Romam,
992 2053 1045 2083 ex
1072 2037 1283 2084 ferocibus
1315 2036 1409 2081 uni·

86 2103 217 2147 versis
238 2102 426 2161 singulos
450 2107 565 2147 metu
594 2117 671 2147 suo
692 2118 899 2160 quemque
919 2101 1163 2147 obedientes
1184 2102 1297 2146 fecit.
1348 2100 1443 2148 Et5

89 2168 222 2211 Roma
235 2183 362 2224 quum
381 2167 618 2226 frequentia
629 2182 815 2212 crescere
830 2172 922 2211 tum
935 2170 1030 2211 tota
1040 2167 1166 2212 simul
1181 2179 1408 2224 exsurgere

84 2231 270 2277 aedificiis
301 2237 346 2276 et
375 2247 422 2277 re
450 2231 659 2290 publica'
647 2247 858 2289 impensas
885 2230 1113 2290 adjuvante
1144 2235 1190 2277 et
1218 2229 1408 2277 aedilibus
