1649 2452
555 84 662 123 LIB.
698 83 772 122 IX.
808 85 971 123 19—21.
1347 84 1418 123 561

106 138 203 170 ιο.
221 137 311 177 314.]

105 179 227 237 gulos
260 177 468 237 precibus,
503 178 749 236 impetratae.
809 178 867 222 Et
903 192 957 222 ex
995 175 1151 234 Apulia
1189 175 1425 221 Teanenses
1443 183 1464 220 3

106 243 390 300 Canusinique
419 241 760 300 populationibus
795 242 897 286 fessi
932 241 1146 286 obsidibus
1184 240 1235 284 L.
1259 241 1426 285 Plautio

105 307 266 352 consuli
305 306 414 350 datis
454 307 499 350 in
539 306 793 350 deditionem
834 313 1054 351 venerunt.
1116 305 1276 349 Eodem
1319 321 1426 349 anno
1451 316 1466 350 l·

104 373 285 430 primum
324 371 513 429 praefecti
553 371 708 428 Capuae
749 372 880 416 creari
921 371 1047 429 coepti
1087 370 1249 429 legibus
1287 369 1338 414 ab
1375 370 1425 414 L.

103 436 232 480 Furio
259 440 438 493 praetore
467 434 588 487 datis,
620 451 748 493 quum
776 440 1004 492 utrumque
1031 435 1113 493 ipsi
1142 449 1216 492 pro
1245 433 1427 478 remedio

103 501 226 559 aegris
247 501 372 545 rebus
393 499 601 544 discordia
627 500 829 544 intestina
858 501 1081 558 petissent.
1140 499 1199 543 Et
1221 498 1314 543 duae
1342 499 1427 543 Ro·
1444 509 1466 545 5

101 580 180 610 mae
208 563 360 609 additae
387 563 525 608 tribus
554 563 760 608 Ufentina
790 579 838 609 ae
868 564 1056 608 Falerna.
1117 563 1338 608 Inclinatis
1367 578 1428 608 se-

101 629 184 675 mel
223 629 269 674 in
302 628 458 686 Apulia
492 628 617 673 rebus
653 628 806 673 Teates
843 644 1009 688 quoque
1044 628 1174 686 Apuli
1209 627 1262 672 ad
1297 642 1427 672 novos

101 693 294 739 consules
326 694 373 738 C.
395 693 570 737 Junium
600 692 841 738 Bubulcum
872 693 928 741 Q.
950 693 1170 738 AEmilium
1199 692 1428 737 Barbulam

99 757 236 803 foedus
277 759 458 816 petitum
498 762 706 802 venerunt
747 758 861 815 pacis
903 773 977 814 per
1025 773 1188 802 omnem
1230 757 1428 815 Apuliam

99 823 348 880 praestandae
369 823 523 881 populo
545 823 738 866 Romano
760 827 967 867 auctores.
1019 822 1073 867 ld
1090 822 1290 867 audacter
1307 838 1427 880 spon·
1445 833 1468 870 6

99 886 235 932 dendo
270 888 547 946 impetravere
583 891 632 931 ut
666 886 802 931 foedus
838 887 1022 940 daretur,
1060 902 1197 945 neque
1227 891 1277 931 ut
1308 902 1428 945 aequo

97 955 241 997 tamen
267 952 424 997 soedere
451 951 525 996 sed
552 957 602 995 ut
629 951 674 995 in
701 950 859 996 ditione
893 951 1037 1010 populi
1065 952 1248 996 Romani
1273 955 1425 996 essent.

97 1017 255 1075 Apulia
282 1016 670 1075 perdomita—nam
699 1016 885 1061 Forento
915 1032 1081 1075 quoque
1110 1016 1247 1061 valido
1275 1016 1428 1075 oppido
1446 1026 1467 1065 7

97 1081 252 1126 Junius
282 1082 445 1139 potitus
481 1081 675 1125 erat—in
709 1080 905 1125 Lucanos
943 1085 1196 1139 perrectum,
1234 1081 1331 1126 inde
1366 1096 1428 1126 re·

95 1147 271 1205 pentino
307 1146 490 1191 adventu
520 1145 680 1190 AEmilii
710 1146 894 1190 consulis
926 1146 1138 1191 Nerulum
1167 1146 1212 1190 vi
1242 1149 1426 1204 captum.

95 1211 156 1256 Et
185 1214 411 1270 postquam
445 1226 512 1255 res
545 1210 700 1268 Capuae
737 1210 945 1255 stabilitas
982 1211 1176 1255 Romana
1211 1210 1467 1269 disciplinass

97 1276 209 1320 fama
247 1291 322 1334 per
359 1275 494 1320 socios
530 1275 732 1332 vulgavit,
770 1275 1018 1320 Antiatibus
1055 1291 1236 1333 quoque,
1274 1276 1348 1333 qui
1368 1283 1428 1320 'se

97 1340 187 1384 sine
207 1340 371 1398 legibus
393 1340 519 1385 certis
537 1340 625 1383 sine
646 1340 966 1398 magistratibus
988 1356 1112 1398 agere
1129 1339 1427 1398 querebantur,

97 1405 186 1449 dati
207 1404 259 1449 ab
280 1408 432 1449 senatu
459 1403 512 1448 ad
529 1404 626 1462 jura
646 1404 872 1449 statuenda
892 1405 1025 1463 ipsius
1054 1404 1224 1449 coloniae
1246 1405 1424 1463 patroni,

96 1484 174 1514 nec
196 1484 311 1512 arma
331 1468 455 1513 modo
477 1468 550 1512 sed
565 1472 665 1525 jura
686 1469 814 1513 etiam
836 1470 1033 1514 Romana
1052 1469 1137 1514 late
1158 1469 1384 1528 pollebant.

155 1533 204 1578 C.
227 1534 254 1577 J
259 1534 382 1578 unius
410 1532 630 1577 Bubulcus
658 1537 702 1578 et
732 1535 780 1588 Q.
802 1534 998 1578 AEmilius
1027 1533 1214 1579 Barbula
1233 1534 1423 1579 consules
1443 1543 1538 1600 (21)

96 1598 215 1643 exitu
246 1599 344 1642 anni
371 1613 456 1642 non
483 1598 724 1642 consulibus
757 1599 808 1643 ab
837 1615 882 1643 se
907 1600 1060 1644 creatis
1091 1600 1161 1657 Sp.
1186 1599 1349 1643 Nautio
1381 1605 1424 1644 et

96 1662 160 1707 M.
183 1663 347 1720 Popilio
369 1667 568 1707 caeterum
603 1662 799 1707 dictatori
819 1664 871 1708 L.
890 1664 1061 1708 AEmilio
1089 1663 1274 1722 legiones
1295 1663 1425 1708 tradi-

95 1727 261 1772 derunt.
324 1727 370 1772 Is
392 1742 487 1771 cum
508 1727 558 1771 L.
580 1727 730 1772 Fulvio
751 1730 955 1787 magistro
979 1728 1171 1787 equitum
1195 1728 1423 1772 Saticulam
1442 1739 1465 1776 2

95 1807 338 1850 oppugnare
369 1791 542 1836 adortus
571 1791 800 1836 rebellandi
820 1807 988 1837 causam
1018 1791 1276 1837 Samnitibus
1298 1792 1425 1837 dedit.

95 1857 268 1914 Duplex
287 1856 384 1901 inde
401 1862 538 1900 terror
558 1856 700 1901 illatus
722 1857 945 1901 Romanis:
977 1857 1075 1901 hinc
1094 1857 1257 1901 Samnis
1274 1873 1425 1916 magno

95 1922 285 1966 exercitu
325 1926 472 1966 coacto
513 1920 566 1965 ad
606 1921 849 1966 eximendos
890 1921 1106 1966 obsidione
1142 1921 1277 1966 socios
1312 1922 1426 1967 haud

95 1986 243 2044 procul
264 1986 413 2030 eastris
430 1986 719 2030 Romanorum
741 1994 879 2030 castra
899 1987 1054 2044 posuit,
1076 1986 1173 2031 hinc
1195 1986 1425 2032 Saticulani

95 2065 248 2109 magno
279 2067 375 2096 cum
406 2051 596 2095 tumultu
631 2050 854 2109 patefactis
891 2055 1064 2109 repente
1100 2051 1234 2110 portis
1264 2051 1308 2096 in
1338 2055 1424 2096 sta-

93 2114 231 2160 tiones
252 2115 438 2160 hostium
458 2116 751 2160 incurrerunt:
782 2115 878 2160 inde
894 2131 991 2173 pars
1013 2118 1193 2174 utraque
1209 2131 1283 2174 spe
1299 2116 1423 2161 alieni

94 2180 228 2238 magis
249 2180 393 2224 auxilii
422 2196 547 2239 quam
577 2181 734 2225 viribus
762 2180 873 2225 freta
899 2181 987 2225 suis
1009 2183 1130 2238 justo
1158 2195 1255 2225 mox
1276 2180 1421 2238 proelio

94 2243 200 2288 inito
227 2245 443 2290 Romanos
469 2249 638 2305 urgent,
672 2249 715 2291 et
744 2261 996 2304 quamquam
1027 2260 1179 2304 anceps
1210 2244 1422 2291 dimicatio

155 2327 238 2352 nv.
254 2327 360 2351 nun.
376 2328 406 2353 ι.
732 2323 760 2355 0
780 2325 806 2355 Ο
