1649 2452
130 115 156 147 c
185 115 205 148 3
229 115 257 148 8·
525 61 637 100 LIB.
667 62 741 101 VI.
773 65 836 110 22,
857 65 920 104 23.
1313 68 1390 108 397

65 115 303 215 111111011111111
331 170 506 201 summae
534 170 676 202 rerum
709 156 921 203 facerent:
953 157 1016 202 ita
1049 157 1253 215 paucitati
1293 158 1388 203 hos-

0 260 1 264 ,
63 220 174 266 tium
206 219 312 265 nihil
345 226 458 264 artes
493 220 757 278 imperatoris
793 221 920 275 unici,
957 221 1109 280 quibus
1145 221 1246 266 solis
1288 237 1386 266 con-

0 291 4 295 ’
64 284 255 338 fiderent,
289 283 534 342 profuturas
567 300 672 330 esse.
734 285 854 330 Idem
889 285 1013 330 ardor
1044 290 1088 330 et
1118 285 1163 330 in
1192 285 1503 343 Romano‘23)

63 349 253 394 exercitu
283 352 374 392 erat
405 352 454 399 et,
478 348 525 392 in
555 348 687 394 altero
718 349 837 405 duce,
864 365 942 395 nec
969 350 1188 408 praesentis
1217 349 1385 395 dimica-

61 412 190 457 tionis
226 412 440 457 fortunam
469 412 556 457 ulla
585 429 653 458 res
684 419 837 472 praeter
868 429 990 474 quam
1023 414 1148 458 unius
1181 413 1260 458 viri
1291 429 1385 459 con-

63 477 203 523 silium
232 480 360 536 atque
389 477 611 535 imperium
642 479 898 531 morabatur,
928 479 1000 536 qui
1030 480 1289 523 occasionem
1313 496 1384 536 Ju-

61 541 291 587 vandamm
311 542 473 586 ratione
494 542 647 586 virium
668 543 872 587 trahendo
902 543 1011 588 bello
1033 542 1260 601 quaerebat.
1320 543 1383 587 Eo
1402 550 1424 586 2

61 607 195 665 magis
226 606 360 651 hostis
389 606 560 661 instare,
590 622 667 652 nec
691 610 782 664 jam
813 622 888 665 pro
919 607 1068 652 castris
1099 611 1266 650 tantum
1296 607 1384 652 suis

60 671 269 729 explicare
289 671 419 716 aciem
442 671 517 716 sed
538 671 762 729 procedere
787 672 831 716 in
852 672 1033 716 medium
1056 672 1191 730 campi
1212 676 1254 716 et
1276 671 1383 716 vallo

60 750 190 792 prope
206 735 391 780 hostium
414 735 536 793 signa
550 735 769 780 inferendo
786 736 1008 794 superbam
1023 735 1218 780 fiduciam
1231 736 1380 780 virium

60 806 286 845 ostentare.
349 800 403 845 Id
430 815 540 858 aegre
572 801 813 859 patiebatur
843 802 1059 846 Romanus
1088 801 1218 854 miles,
1249 801 1381 846 multo
1398 814 1421 850 3

60 865 214 922 aegrius
235 865 341 909 alter
361 880 414 909 ex
434 864 615 909 tribunis
636 865 830 918 militum,
851 865 902 910 L.
921 865 1088 918 Furius,
1110 865 1230 909 ferox
1251 881 1381 923 quum

59 934 185 974 aetate
214 934 258 974 et
288 929 457 987 ingenio
484 933 575 974 tum
609 929 891 974 multitudinis
920 946 973 974 ex
1003 930 1282 975 incertissimo
1311 946 1380 975 su-

59 994 212 1039 mentis
247 994 406 1038 animos
442 1009 519 1051 spe
553 994 737 1039 inflatus.
800 995 886 1040 Hic
923 1011 997 1052 per
1033 1011 1077 1040 se
1104 995 1193 1054 jam
1225 995 1421 1042 milites4

58 1057 254 1103 incitatos
275 1059 448 1116 insuper
474 1059 704 1117 instigabat
726 1058 1069 1118 elevando—qua
1099 1075 1183 1103 una
1213 1064 1379 1117 poterat

56 1129 240 1168 —aetate
269 1123 561 1168 auctoritatem
585 1123 768 1182 collegae,
787 1124 1013 1181 juvenibus
1042 1123 1150 1168 bella
1178 1124 1277 1168 data
1297 1123 1379 1169 dic-

56 1186 187 1231 titans
209 1192 252 1231 et
274 1202 369 1232 cum
391 1187 635 1245 corporibus
657 1189 799 1246 vigere
832 1193 875 1233 et
897 1188 1169 1233 deflorescere
1191 1189 1375 1234 animos:

57 1257 346 1299 cunctatorem
382 1268 435 1297 ex
465 1253 665 1298 acerrimo
697 1253 896 1298 bellatore
928 1254 1098 1306 factum,
1133 1260 1176 1297 et
1208 1253 1279 1310 qui
1310 1256 1378 1298 ad-

59 1319 228 1364 veniens
257 1325 395 1363 castra
425 1317 633 1376 urbesque
664 1318 798 1376 primo
828 1318 989 1376 impetu
1020 1333 1165 1376 rapere
1196 1318 1251 1362 sit
1282 1318 1378 1362 soli-

56 1387 141 1437 tus,
180 1399 276 1428 eum
316 1381 495 1427 residem
535 1382 647 1426 intra
680 1382 836 1426 vallum
876 1389 1044 1440 tempus
1080 1382 1377 1441 terere—quid

57 1463 323 1493 accessurum
353 1447 440 1492 suis
462 1446 783 1492 decessurumve
812 1447 999 1492 hostium
1020 1447 1178 1492 viribus
1206 1462 1377 1505 speran-

56 1517 170 1558 tem.
160 1513 178 1545 ⁹
225 1527 350 1571 quam
391 1512 652 1556 occasionem
693 1511 805 1570 quod
844 1519 1012 1569 tempus
1049 1527 1174 1570 quem
1213 1511 1374 1556 11151(1115

54 1577 314 1623 instruendis
336 1580 591 1635 quaerentem
620 1576 784 1621 locum.
775 1577 793 1607 9
826 1576 979 1635 frigere
1001 1592 1048 1621 ac
1075 1584 1242 1634 torpere
1264 1577 1373 1621 senis

55 1642 253 1688 consilia:
286 1641 361 1686 sed
383 1641 558 1685 Camillo
579 1656 710 1698 quum
731 1641 832 1686 vitae
853 1642 956 1686 satis
978 1645 1068 1685 tum
1092 1641 1235 1699 gloriae
1257 1656 1372 1685 esse:

54 1706 206 1766 ecquid
226 1706 414 1750 adtinere
435 1721 531 1751 cum
553 1705 719 1749 mortali
739 1720 914 1763 corpore
934 1721 1019 1750 uno
1041 1706 1236 1757 civitatis,
1251 1721 1374 1764 quam

53 1772 332 1817 immortalem
360 1785 453 1815 esse
484 1769 644 1824 deceat,
671 1770 760 1827 pati
791 1785 1087 1815 consenescere
1119 1770 1259 1814 vires?
1291 1770 1412 1814 His5

53 1835 316 1882 sermonibus
336 1838 430 1879 tota
449 1834 494 1879 in
508 1850 553 1879 se
570 1838 779 1878 averterat
801 1840 950 1886 castra,
969 1840 1011 1878 et
1029 1850 1157 1892 quum
1180 1833 1374 1879 omnibus

52 1901 156 1946 locis
184 1905 429 1959 posceretur
460 1915 613 1958 pugna,
640 1899 925 1943 “Sustinere'’
956 1899 1105 1957 inquit,
1132 1903 1158 1922 “
1173 1899 1235 1942 M.
1257 1899 1371 1952 Furi,

52 1980 138 2010 non
158 1979 382 2023 possumus
403 1964 607 2019 impetum
629 1963 822 2016 militum,
841 1969 884 2007 et
905 1963 1052 2016 hostis,
1071 1966 1192 2020 cujus
1214 1964 1372 2008 animos

52 2028 290 2075 cunctando
321 2029 526 2082 auximuS,
543 2031 632 2085 jam
662 2028 830 2072 minime
852 2028 1070 2072 toleranda
1096 2028 1295 2082 superbia
1314 2028 1373 2072 in-

53 2094 210 2139 sultat:
242 2092 343 2139 cede
372 2109 483 2138 1111115
514 2092 707 2138 omnibus
739 2098 782 2137 et
813 2098 957 2150 patere
987 2098 1032 2138 te
1059 2093 1171 2138 vinci
1199 2093 1371 2138 consilio

52 2161 105 2203 ut
124 2158 330 2203 maturius
357 2157 467 2202 bello
487 2156 672 2203 vincas.”
733 2157 803 2202 Ad
830 2172 880 2202 ea
908 2157 1121 2211 Camillus,
1145 2173 1238 2216 quae
1267 2157 1371 2202 bella
1388 2164 1410 2201 6

53 2236 135 2277 mo
161 2223 288 2270 unius
317 2223 505 2285 auspicio
531 2228 657 2283 gesta
685 2221 739 2269 ad
768 2237 859 2269 eam
890 2221 999 2271 diem
1030 2226 1186 2278 essent,
1217 2237 1370 2279 negare
