<?xml version="1.0" encoding="UTF-8"?>
<!DOCTYPE html PUBLIC "-//W3C//DTD XHTML 1.0 Transitional//EN"
    "http://www.w3.org/TR/xhtml1/DTD/xhtml1-transitional.dtd">
<html xmlns="http://www.w3.org/1999/xhtml" xml:lang="en" lang="en">
 <head>
  <title>
</title>
<meta http-equiv="Content-Type" content="text/html;charset=utf-8" />
  <meta name='ocr-system' content='tesseract 3.04.00' />
  <meta name='ocr-capabilities' content='ocr_page ocr_carea ocr_par ocr_line ocrx_word'/>
</head>
<body>
  <div class='ocr_page' id='page_1' title='image "./historiarum00livyuoft_0042.png"; bbox 0 0 1649 2452; ppageno 0'>
   <div class='ocr_carea' id='block_1_1' title="bbox 220 89 1529 187">
    <p class='ocr_par' dir='ltr' id='par_1_1' title="bbox 220 89 1529 187">
     <span class='ocr_line' id='line_1_1' title="bbox 220 89 1529 187; baseline 0.002 -55"><span class='ocrx_word' id='word_1_1' title='bbox 220 91 300 139; x_wconf 78' lang='lat'><strong>394.</strong></span> <span class='ocrx_word' id='word_1_2' title='bbox 544 90 588 133; x_wconf 91' lang='grc' dir='ltr'><strong>Τ.</strong></span> <span class='ocrx_word' id='word_1_3' title='bbox 621 90 770 132; x_wconf 91' lang='lat' dir='ltr'>LIVII</span> <span class='ocrx_word' id='word_1_4' title='bbox 801 89 1222 134; x_wconf 85' lang='lat' dir='ltr'>HISTORIARUM</span> <span class='ocrx_word' id='word_1_5' title='bbox 1329 146 1529 187; x_wconf 81' lang='lat' dir='ltr'><strong>[A.c.380.</strong></span> 
     </span>
    </p>
   </div>
   <div class='ocr_carea' id='block_1_2' title="bbox 221 187 1604 247">
    <p class='ocr_par' dir='ltr' id='par_1_2' title="bbox 221 187 1604 247">
     <span class='ocr_line' id='line_1_2' title="bbox 221 187 1604 247; baseline 0 -17"><span class='ocrx_word' id='word_1_6' title='bbox 221 187 414 244; x_wconf 89' lang='lat' dir='ltr'><strong>apparuit</strong></span> <span class='ocrx_word' id='word_1_7' title='bbox 454 187 648 243; x_wconf 83' lang='lat' dir='ltr'><strong>tribunis,</strong></span> <span class='ocrx_word' id='word_1_8' title='bbox 684 188 767 233; x_wconf 88' lang='lat' dir='ltr'><strong>nisi</strong></span> <span class='ocrx_word' id='word_1_9' title='bbox 802 189 946 232; x_wconf 89' lang='lat' dir='ltr'><strong>oculos</strong></span> <span class='ocrx_word' id='word_1_10' title='bbox 982 204 1146 247; x_wconf 89' lang='lat' dir='ltr'><strong>quoque</strong></span> <span class='ocrx_word' id='word_1_11' title='bbox 1181 188 1396 232; x_wconf 89' lang='lat' dir='ltr'><strong>hominum</strong></span> <span class='ocrx_word' id='word_1_12' title='bbox 1435 188 1538 234; x_wconf 92' lang='lat' dir='ltr'><strong>libe-</strong></span> <span class='ocrx_word' id='word_1_13' title='bbox 1596 222 1604 230; x_wconf 90' lang='lat'><strong>.</strong></span> 
     </span>
    </p>
   </div>
   <div class='ocr_carea' id='block_1_3' title="bbox 110 251 1540 2240">
    <p class='ocr_par' dir='ltr' id='par_1_3' title="bbox 160 251 1540 1839">
     <span class='ocr_line' id='line_1_3' title="bbox 220 251 1538 311; baseline 0.003 -17"><span class='ocrx_word' id='word_1_14' title='bbox 220 251 388 295; x_wconf 71' lang='lat' dir='ltr'><strong>rassent</strong></span> <span class='ocrx_word' id='word_1_15' title='bbox 416 252 526 297; x_wconf 88' lang='lat' dir='ltr'><strong>tanti</strong></span> <span class='ocrx_word' id='word_1_16' title='bbox 555 251 755 297; x_wconf 90' lang='lat' dir='ltr'><strong>memoria</strong></span> <span class='ocrx_word' id='word_1_17' title='bbox 784 251 957 306; x_wconf 85' lang='lat' dir='ltr'><strong>decoris,</strong></span> <span class='ocrx_word' id='word_1_18' title='bbox 989 267 1215 310; x_wconf 85' lang='lat' dir='ltr'><strong>numquam</strong></span> <span class='ocrx_word' id='word_1_19' title='bbox 1244 252 1334 297; x_wconf 82' lang='lat' dir='ltr'><strong>fore</strong></span> <span class='ocrx_word' id='word_1_20' title='bbox 1363 253 1408 296; x_wconf 92' lang='lat' dir='ltr'><strong>in</strong></span> <span class='ocrx_word' id='word_1_21' title='bbox 1433 268 1538 311; x_wconf 87' lang='lat' dir='ltr'><strong>prae-</strong></span> 
     </span>
     <span class='ocr_line' id='line_1_4' title="bbox 185 315 1536 376; baseline 0.002 -18"><span class='ocrx_word' id='word_1_22' title='bbox 185 319 208 357; x_wconf 90' lang='lat'>8</span> <span class='ocrx_word' id='word_1_23' title='bbox 221 315 434 374; x_wconf 81' lang='lat' dir='ltr'><strong>occupatis</strong></span> <span class='ocrx_word' id='word_1_24' title='bbox 449 315 650 361; x_wconf 89' lang='lat' dir='ltr'><strong>beneficio</strong></span> <span class='ocrx_word' id='word_1_25' title='bbox 671 315 819 361; x_wconf 84' lang='lat' dir='ltr'><strong>animis</strong></span> <span class='ocrx_word' id='word_1_26' title='bbox 840 331 939 366; x_wconf 85' lang='lat' dir='ltr'><strong>vero</strong></span> <span class='ocrx_word' id='word_1_27' title='bbox 961 316 1123 369; x_wconf 76' lang='lat' dir='ltr'>crimini</span> <span class='ocrx_word' id='word_1_28' title='bbox 1142 317 1292 361; x_wconf 88' lang='lat' dir='ltr'><strong>locum.</strong></span> <span class='ocrx_word' id='word_1_29' title='bbox 1351 315 1423 361; x_wconf 89' lang='lat' dir='ltr'><strong>Ita</strong></span> <span class='ocrx_word' id='word_1_30' title='bbox 1442 331 1536 376; x_wconf 90' lang='lat' dir='ltr'><strong>pro-</strong></span> 
     </span>
     <span class='ocr_line' id='line_1_5' title="bbox 221 377 1539 439; baseline 0.002 -16"><span class='ocrx_word' id='word_1_31' title='bbox 221 377 334 430; x_wconf 86' lang='lat' dir='ltr'><strong>dicta</strong></span> <span class='ocrx_word' id='word_1_32' title='bbox 354 377 420 424; x_wconf 89' lang='lat' dir='ltr'><strong>die</strong></span> <span class='ocrx_word' id='word_1_33' title='bbox 448 380 492 424; x_wconf 91' lang='lat' dir='ltr'><strong>in</strong></span> <span class='ocrx_word' id='word_1_34' title='bbox 520 379 758 431; x_wconf 81' lang='lat' dir='ltr'><strong>Petelinum</strong></span> <span class='ocrx_word' id='word_1_35' title='bbox 787 380 928 425; x_wconf 91' lang='lat' dir='ltr'><strong>lucum</strong></span> <span class='ocrx_word' id='word_1_36' title='bbox 956 384 1076 426; x_wconf 83' lang='lat' dir='ltr'><strong>extra</strong></span> <span class='ocrx_word' id='word_1_37' title='bbox 1105 384 1270 439; x_wconf 88' lang='lat' dir='ltr'><strong>portam</strong></span> <span class='ocrx_word' id='word_1_38' title='bbox 1299 380 1539 426; x_wconf 82' lang='lat' dir='ltr'><strong>Flumenta-</strong></span> 
     </span>
     <span class='ocr_line' id='line_1_6' title="bbox 219 443 1539 502; baseline 0.002 -15"><span class='ocrx_word' id='word_1_39' title='bbox 219 457 328 496; x_wconf 87' lang='lat' dir='ltr'><strong>nam,</strong></span> <span class='ocrx_word' id='word_1_40' title='bbox 346 443 458 488; x_wconf 89' lang='lat' dir='ltr'><strong>unde</strong></span> <span class='ocrx_word' id='word_1_41' title='bbox 474 447 723 502; x_wconf 86' lang='lat' dir='ltr'><strong>conspectus</strong></span> <span class='ocrx_word' id='word_1_42' title='bbox 739 444 784 489; x_wconf 89' lang='lat' dir='ltr'><strong>in</strong></span> <span class='ocrx_word' id='word_1_43' title='bbox 801 443 1053 502; x_wconf 82' lang='lat' dir='ltr'><strong>Capitolium</strong></span> <span class='ocrx_word' id='word_1_44' title='bbox 1074 460 1159 489; x_wconf 92' lang='lat' dir='ltr'><strong>non</strong></span> <span class='ocrx_word' id='word_1_45' title='bbox 1175 448 1299 498; x_wconf 85' lang='lat' dir='ltr'><strong>esset,</strong></span> <span class='ocrx_word' id='word_1_46' title='bbox 1318 444 1539 495; x_wconf 83' lang='lat' dir='ltr'><strong>concilium</strong></span> 
     </span>
     <span class='ocr_line' id='line_1_7' title="bbox 185 509 1538 566; baseline 0.001 -13"><span class='ocrx_word' id='word_1_47' title='bbox 185 509 363 566; x_wconf 87' lang='lat' dir='ltr'><strong>9populi</strong></span> <span class='ocrx_word' id='word_1_48' title='bbox 392 509 595 555; x_wconf 88' lang='lat' dir='ltr'><strong>indictum</strong></span> <span class='ocrx_word' id='word_1_49' title='bbox 633 513 710 554; x_wconf 89' lang='lat' dir='ltr'><strong>est.</strong></span> <span class='ocrx_word' id='word_1_50' title='bbox 772 509 842 554; x_wconf 92' lang='lat' dir='ltr'><strong>Ibi</strong></span> <span class='ocrx_word' id='word_1_51' title='bbox 876 510 1033 555; x_wconf 84' lang='lat' dir='ltr'><strong>crimen</strong></span> <span class='ocrx_word' id='word_1_52' title='bbox 1067 509 1200 555; x_wconf 86' lang='lat' dir='ltr'><strong>valuit</strong></span> <span class='ocrx_word' id='word_1_53' title='bbox 1236 513 1279 555; x_wconf 87' lang='lat' dir='ltr'><strong>et</strong></span> <span class='ocrx_word' id='word_1_54' title='bbox 1315 509 1538 555; x_wconf 88' lang='lat' dir='ltr'><strong>obstinatis</strong></span> 
     </span>
     <span class='ocr_line' id='line_1_8' title="bbox 220 573 1539 632; baseline 0.001 -15"><span class='ocrx_word' id='word_1_55' title='bbox 220 573 368 618; x_wconf 88' lang='lat' dir='ltr'><strong>animis</strong></span> <span class='ocrx_word' id='word_1_56' title='bbox 389 574 513 619; x_wconf 84' lang='lat' dir='ltr'><strong>triste</strong></span> <span class='ocrx_word' id='word_1_57' title='bbox 532 573 737 632; x_wconf 88' lang='lat' dir='ltr'><strong>judicium</strong></span> <span class='ocrx_word' id='word_1_58' title='bbox 765 573 1029 632; x_wconf 87' lang='lat' dir='ltr'><strong>invisumque</strong></span> <span class='ocrx_word' id='word_1_59' title='bbox 1058 574 1185 619; x_wconf 89' lang='lat' dir='ltr'><strong>etiam</strong></span> <span class='ocrx_word' id='word_1_60' title='bbox 1212 574 1425 632; x_wconf 88' lang='lat' dir='ltr'><strong>judicibus</strong></span> <span class='ocrx_word' id='word_1_61' title='bbox 1453 574 1539 619; x_wconf 87' lang='lat' dir='ltr'><strong>fac-</strong></span> 
     </span>
     <span class='ocr_line' id='line_1_9' title="bbox 218 637 1538 697; baseline 0.002 -16"><span class='ocrx_word' id='word_1_62' title='bbox 218 640 323 682; x_wconf 89' lang='lat' dir='ltr'><strong>tum.</strong></span> <span class='ocrx_word' id='word_1_63' title='bbox 387 638 495 682; x_wconf 88' lang='lat' dir='ltr'><strong>Sunt</strong></span> <span class='ocrx_word' id='word_1_64' title='bbox 536 638 608 697; x_wconf 91' lang='lat' dir='ltr'><strong>qui</strong></span> <span class='ocrx_word' id='word_1_65' title='bbox 648 653 723 696; x_wconf 88' lang='lat' dir='ltr'><strong>per</strong></span> <span class='ocrx_word' id='word_1_66' title='bbox 760 637 1016 694; x_wconf 82' lang='lat' dir='ltr'><strong>duumviros,</strong></span> <span class='ocrx_word' id='word_1_67' title='bbox 1053 639 1126 696; x_wconf 87' lang='lat' dir='ltr'><strong>qui</strong></span> <span class='ocrx_word' id='word_1_68' title='bbox 1165 637 1216 683; x_wconf 91' lang='lat' dir='ltr'><strong>de</strong></span> <span class='ocrx_word' id='word_1_69' title='bbox 1257 637 1538 696; x_wconf 88' lang='lat' dir='ltr'><strong>perduellione</strong></span> 
     </span>
     <span class='ocr_line' id='line_1_10' title="bbox 161 701 1540 759; baseline 0.002 -14"><span class='ocrx_word' id='word_1_70' title='bbox 161 703 206 741; x_wconf 90' lang='grc'><strong>10</strong></span> <span class='ocrx_word' id='word_1_71' title='bbox 219 701 498 759; x_wconf 89' lang='lat' dir='ltr'><strong>anquirerent,</strong></span> <span class='ocrx_word' id='word_1_72' title='bbox 522 706 698 756; x_wconf 90' lang='lat' dir='ltr'><strong>creatos,</strong></span> <span class='ocrx_word' id='word_1_73' title='bbox 722 706 914 747; x_wconf 79' lang='lat' dir='ltr'><strong>auctores</strong></span> <span class='ocrx_word' id='word_1_74' title='bbox 935 703 1020 747; x_wconf 86' lang='lat' dir='ltr'><strong>sint</strong></span> <span class='ocrx_word' id='word_1_75' title='bbox 1046 701 1303 747; x_wconf 88' lang='lat' dir='ltr'><strong>damnatum.</strong></span> <span class='ocrx_word' id='word_1_76' title='bbox 1363 702 1540 748; x_wconf 87' lang='lat' dir='ltr'><strong>Tribuni</strong></span> 
     </span>
     <span class='ocr_line' id='line_1_11' title="bbox 219 765 1540 825; baseline 0.002 -15"><span class='ocrx_word' id='word_1_77' title='bbox 219 765 270 810; x_wconf 90' lang='lat' dir='ltr'><strong>de</strong></span> <span class='ocrx_word' id='word_1_78' title='bbox 298 781 399 810; x_wconf 82' lang='lat' dir='ltr'><strong>saxo</strong></span> <span class='ocrx_word' id='word_1_79' title='bbox 427 766 602 824; x_wconf 89' lang='lat' dir='ltr'><strong>Tarpeio</strong></span> <span class='ocrx_word' id='word_1_80' title='bbox 631 766 886 824; x_wconf 86' lang='lat' dir='ltr'><strong>dejecerunt,</strong></span> <span class='ocrx_word' id='word_1_81' title='bbox 914 766 1114 825; x_wconf 91' lang='lat' dir='ltr'><strong>locusque</strong></span> <span class='ocrx_word' id='word_1_82' title='bbox 1143 766 1253 812; x_wconf 87' lang='lat' dir='ltr'><strong>idem</strong></span> <span class='ocrx_word' id='word_1_83' title='bbox 1279 767 1326 811; x_wconf 89' lang='lat' dir='ltr'><strong>in</strong></span> <span class='ocrx_word' id='word_1_84' title='bbox 1353 782 1438 812; x_wconf 89' lang='lat' dir='ltr'><strong>uno</strong></span> <span class='ocrx_word' id='word_1_85' title='bbox 1464 767 1540 812; x_wconf 81' lang='lat' dir='ltr'><strong>ho-</strong></span> 
     </span>
     <span class='ocr_line' id='line_1_12' title="bbox 219 830 1539 889; baseline 0.002 -16"><span class='ocrx_word' id='word_1_86' title='bbox 219 831 333 875; x_wconf 88' lang='lat' dir='ltr'><strong>mine</strong></span> <span class='ocrx_word' id='word_1_87' title='bbox 361 834 403 876; x_wconf 90' lang='lat' dir='ltr'><strong>et</strong></span> <span class='ocrx_word' id='word_1_88' title='bbox 429 830 590 875; x_wconf 80' lang='lat' dir='ltr'><strong>eximiae</strong></span> <span class='ocrx_word' id='word_1_89' title='bbox 620 830 764 888; x_wconf 87' lang='lat' dir='ltr'><strong>gloriae</strong></span> <span class='ocrx_word' id='word_1_90' title='bbox 793 835 1110 876; x_wconf 86' lang='lat' dir='ltr'><strong>monumentum</strong></span> <span class='ocrx_word' id='word_1_91' title='bbox 1143 835 1186 875; x_wconf 89' lang='lat' dir='ltr'><strong>et</strong></span> <span class='ocrx_word' id='word_1_92' title='bbox 1217 846 1349 889; x_wconf 86' lang='lat' dir='ltr'><strong>poenae</strong></span> <span class='ocrx_word' id='word_1_93' title='bbox 1379 830 1539 876; x_wconf 82' lang='lat' dir='ltr'><strong>ultimae</strong></span> 
     </span>
     <span class='ocr_line' id='line_1_13' title="bbox 160 893 1539 954; baseline 0.001 -17"><span class='ocrx_word' id='word_1_94' title='bbox 160 893 317 938; x_wconf 87' lang='lat' dir='ltr'><strong>llfuit.</strong></span> <span class='ocrx_word' id='word_1_95' title='bbox 378 894 569 952; x_wconf 73' lang='lat' dir='ltr'><strong>AdJectae</strong></span> <span class='ocrx_word' id='word_1_96' title='bbox 599 898 767 940; x_wconf 88' lang='lat' dir='ltr'><strong>mortuo</strong></span> <span class='ocrx_word' id='word_1_97' title='bbox 797 899 909 940; x_wconf 82' lang='lat' dir='ltr'><strong>notae</strong></span> <span class='ocrx_word' id='word_1_98' title='bbox 944 898 1056 949; x_wconf 90' lang='lat' dir='ltr'><strong>sunt,</strong></span> <span class='ocrx_word' id='word_1_99' title='bbox 1091 895 1257 954; x_wconf 89' lang='lat' dir='ltr'><strong>publica</strong></span> <span class='ocrx_word' id='word_1_100' title='bbox 1285 910 1380 948; x_wconf 86' lang='lat' dir='ltr'><strong>una,</strong></span> <span class='ocrx_word' id='word_1_101' title='bbox 1415 893 1539 953; x_wconf 90' lang='lat' dir='ltr'><strong>quod,</strong></span> 
     </span>
     <span class='ocr_line' id='line_1_14' title="bbox 222 958 1540 1032; baseline 0.001 -30"><span class='ocrx_word' id='word_1_102' title='bbox 222 973 351 1016; x_wconf 87' lang='lat' dir='ltr'><strong>quum</strong></span> <span class='ocrx_word' id='word_1_103' title='bbox 374 958 522 1003; x_wconf 89' lang='lat' dir='ltr'><strong>domus</strong></span> <span class='ocrx_word' id='word_1_104' title='bbox 544 963 635 1017; x_wconf 89' lang='lat' dir='ltr'><strong>ejus</strong></span> <span class='ocrx_word' id='word_1_105' title='bbox 664 959 815 1005; x_wconf 88' lang='lat' dir='ltr'><strong>fuisset</strong></span> <span class='ocrx_word' id='word_1_106' title='bbox 843 959 916 1004; x_wconf 87' lang='lat' dir='ltr'><strong>ubi</strong></span> <span class='ocrx_word' id='word_1_107' title='bbox 944 975 1056 1005; x_wconf 88' lang='lat' dir='ltr'><strong>nunc</strong></span> <span class='ocrx_word' id='word_1_108' title='bbox 1084 959 1193 1004; x_wconf 85' lang='lat' dir='ltr'><strong>aedes</strong></span> <span class='ocrx_word' id='word_1_109' title='bbox 1222 963 1348 1032; x_wconf 83' lang='lat' dir='ltr'><strong>atque</strong></span> <span class='ocrx_word' id='word_1_110' title='bbox 1377 959 1540 1004; x_wconf 91' lang='lat' dir='ltr'><strong>officina</strong></span> 
     </span>
     <span class='ocr_line' id='line_1_15' title="bbox 220 1022 1539 1082; baseline 0.002 -16"><span class='ocrx_word' id='word_1_111' title='bbox 220 1022 409 1068; x_wconf 81' lang='lat' dir='ltr'><strong>Monetae</strong></span> <span class='ocrx_word' id='word_1_112' title='bbox 439 1027 519 1076; x_wconf 90' lang='lat' dir='ltr'><strong>est,</strong></span> <span class='ocrx_word' id='word_1_113' title='bbox 549 1023 682 1068; x_wconf 88' lang='lat' dir='ltr'><strong>latum</strong></span> <span class='ocrx_word' id='word_1_114' title='bbox 713 1023 766 1068; x_wconf 88' lang='lat' dir='ltr'><strong>ad</strong></span> <span class='ocrx_word' id='word_1_115' title='bbox 795 1023 995 1082; x_wconf 82' lang='lat' dir='ltr'><strong>populum</strong></span> <span class='ocrx_word' id='word_1_116' title='bbox 1027 1028 1092 1068; x_wconf 86' lang='lat' dir='ltr'><strong>est</strong></span> <span class='ocrx_word' id='word_1_117' title='bbox 1127 1039 1181 1068; x_wconf 90' lang='lat' dir='ltr'><strong>ne</strong></span> <span class='ocrx_word' id='word_1_118' title='bbox 1212 1023 1305 1082; x_wconf 86' lang='lat' dir='ltr'><strong>quis</strong></span> <span class='ocrx_word' id='word_1_119' title='bbox 1337 1023 1539 1082; x_wconf 86' lang='lat' dir='ltr'><strong>patricius</strong></span> 
     </span>
     <span class='ocr_line' id='line_1_16' title="bbox 220 1085 1540 1147; baseline 0.002 -17"><span class='ocrx_word' id='word_1_120' title='bbox 220 1085 265 1130; x_wconf 91' lang='grc'><strong>111</strong></span> <span class='ocrx_word' id='word_1_121' title='bbox 291 1101 385 1131; x_wconf 83' lang='grc'><strong>3106</strong></span> <span class='ocrx_word' id='word_1_122' title='bbox 416 1090 490 1131; x_wconf 89' lang='lat' dir='ltr'><strong>aut</strong></span> <span class='ocrx_word' id='word_1_123' title='bbox 522 1087 730 1146; x_wconf 88' lang='lat' dir='ltr'><strong>Capitolio</strong></span> <span class='ocrx_word' id='word_1_124' title='bbox 760 1088 983 1142; x_wconf 84' lang='lat' dir='ltr'><strong>habitaret,</strong></span> <span class='ocrx_word' id='word_1_125' title='bbox 1014 1087 1227 1147; x_wconf 82' lang='lat' dir='ltr'><strong>gentilicia</strong></span> <span class='ocrx_word' id='word_1_126' title='bbox 1254 1087 1396 1142; x_wconf 89' lang='lat' dir='ltr'><strong>altera,</strong></span> <span class='ocrx_word' id='word_1_127' title='bbox 1427 1087 1540 1146; x_wconf 82' lang='lat' dir='ltr'><strong>quod</strong></span> 
     </span>
     <span class='ocr_line' id='line_1_17' title="bbox 220 1151 1538 1210; baseline 0.002 -16"><span class='ocrx_word' id='word_1_128' title='bbox 220 1151 358 1208; x_wconf 88' lang='lat' dir='ltr'><strong>gentis</strong></span> <span class='ocrx_word' id='word_1_129' title='bbox 389 1151 560 1197; x_wconf 88' lang='lat' dir='ltr'><strong>Manliae</strong></span> <span class='ocrx_word' id='word_1_130' title='bbox 593 1151 761 1197; x_wconf 87' lang='lat' dir='ltr'><strong>decreto</strong></span> <span class='ocrx_word' id='word_1_131' title='bbox 792 1155 964 1197; x_wconf 90' lang='lat' dir='ltr'><strong>cautum</strong></span> <span class='ocrx_word' id='word_1_132' title='bbox 994 1157 1059 1197; x_wconf 90' lang='lat' dir='ltr'><strong>est</strong></span> <span class='ocrx_word' id='word_1_133' title='bbox 1088 1168 1142 1197; x_wconf 89' lang='lat' dir='ltr'><strong>ne</strong></span> <span class='ocrx_word' id='word_1_134' title='bbox 1172 1152 1266 1210; x_wconf 91' lang='lat' dir='ltr'><strong>quis</strong></span> <span class='ocrx_word' id='word_1_135' title='bbox 1295 1151 1445 1196; x_wconf 89' lang='lat' dir='ltr'><strong>deinde</strong></span> <span class='ocrx_word' id='word_1_136' title='bbox 1472 1151 1538 1198; x_wconf 87' lang='grc' dir='ltr'><strong>Μ.</strong></span> 
     </span>
     <span class='ocr_line' id='line_1_18' title="bbox 162 1215 1540 1271; baseline 0.004 -15"><span class='ocrx_word' id='word_1_137' title='bbox 162 1219 207 1255; x_wconf 83' lang='grc'><strong>12</strong></span> <span class='ocrx_word' id='word_1_138' title='bbox 221 1215 406 1260; x_wconf 87' lang='grc' dir='ltr'><strong>Μ31111115</strong></span> <span class='ocrx_word' id='word_1_139' title='bbox 429 1218 662 1261; x_wconf 87' lang='lat' dir='ltr'><strong>vocaretur.</strong></span> <span class='ocrx_word' id='word_1_140' title='bbox 722 1217 853 1261; x_wconf 87' lang='lat' dir='ltr'><strong>Hunc</strong></span> <span class='ocrx_word' id='word_1_141' title='bbox 874 1217 1033 1262; x_wconf 82' lang='lat' dir='ltr'><strong>exitum</strong></span> <span class='ocrx_word' id='word_1_142' title='bbox 1054 1216 1202 1261; x_wconf 83' lang='lat' dir='ltr'><strong>habuit</strong></span> <span class='ocrx_word' id='word_1_143' title='bbox 1223 1216 1299 1271; x_wconf 86' lang='lat' dir='ltr'><strong>vir,</strong></span> <span class='ocrx_word' id='word_1_144' title='bbox 1319 1216 1402 1261; x_wconf 87' lang='lat' dir='ltr'><strong>nisi</strong></span> <span class='ocrx_word' id='word_1_145' title='bbox 1429 1215 1474 1260; x_wconf 89' lang='lat' dir='ltr'><strong>in</strong></span> <span class='ocrx_word' id='word_1_146' title='bbox 1492 1216 1540 1262; x_wconf 90' lang='grc'><strong>11-</strong></span> 
     </span>
     <span class='ocr_line' id='line_1_19' title="bbox 162 1275 1539 1338; baseline 0.003 -17"><span class='ocrx_word' id='word_1_147' title='bbox 162 1283 205 1320; x_wconf 91' lang='grc'><strong>13</strong></span> <span class='ocrx_word' id='word_1_148' title='bbox 220 1278 320 1323; x_wconf 88' lang='lat' dir='ltr'><strong>bera</strong></span> <span class='ocrx_word' id='word_1_149' title='bbox 339 1279 508 1325; x_wconf 87' lang='lat' dir='ltr'><strong>civitate</strong></span> <span class='ocrx_word' id='word_1_150' title='bbox 529 1284 655 1326; x_wconf 89' lang='lat' dir='ltr'><strong>natus</strong></span> <span class='ocrx_word' id='word_1_151' title='bbox 680 1275 804 1338; x_wconf 87' lang='lat' dir='ltr'><strong>esset,</strong></span> <span class='ocrx_word' id='word_1_152' title='bbox 825 1280 1115 1326; x_wconf 87' lang='lat' dir='ltr'><strong>memorabilis.</strong></span> <span class='ocrx_word' id='word_1_153' title='bbox 1177 1280 1388 1338; x_wconf 88' lang='lat' dir='ltr'><strong>Populum</strong></span> <span class='ocrx_word' id='word_1_154' title='bbox 1409 1280 1539 1337; x_wconf 81' lang='lat' dir='ltr'><strong>brevi,</strong></span> 
     </span>
     <span class='ocr_line' id='line_1_20' title="bbox 220 1345 1539 1404; baseline 0.002 -16"><span class='ocrx_word' id='word_1_155' title='bbox 220 1351 443 1402; x_wconf 85' lang='lat' dir='ltr'><strong>postquam</strong></span> <span class='ocrx_word' id='word_1_156' title='bbox 478 1345 710 1404; x_wconf 89' lang='lat' dir='ltr'><strong>periculum</strong></span> <span class='ocrx_word' id='word_1_157' title='bbox 745 1345 796 1390; x_wconf 89' lang='lat' dir='ltr'><strong>ab</strong></span> <span class='ocrx_word' id='word_1_158' title='bbox 833 1361 883 1390; x_wconf 94' lang='lat' dir='ltr'><strong>eo</strong></span> <span class='ocrx_word' id='word_1_159' title='bbox 912 1345 1073 1390; x_wconf 88' lang='lat' dir='ltr'><strong>nullum</strong></span> <span class='ocrx_word' id='word_1_160' title='bbox 1110 1348 1212 1398; x_wconf 89' lang='lat' dir='ltr'><strong>erat,</strong></span> <span class='ocrx_word' id='word_1_161' title='bbox 1245 1360 1320 1403; x_wconf 89' lang='lat' dir='ltr'><strong>per</strong></span> <span class='ocrx_word' id='word_1_162' title='bbox 1350 1360 1395 1389; x_wconf 90' lang='lat' dir='ltr'><strong>se</strong></span> <span class='ocrx_word' id='word_1_163' title='bbox 1425 1345 1539 1404; x_wconf 84' lang='lat' dir='ltr'><strong>ipsas</strong></span> 
     </span>
     <span class='ocr_line' id='line_1_21' title="bbox 161 1407 1540 1467; baseline 0.002 -17"><span class='ocrx_word' id='word_1_164' title='bbox 161 1407 509 1453; x_wconf 84' lang='lat' dir='ltr'><strong>14recordantem</strong></span> <span class='ocrx_word' id='word_1_165' title='bbox 549 1409 730 1454; x_wconf 85' lang='lat' dir='ltr'><strong>virtutes</strong></span> <span class='ocrx_word' id='word_1_166' title='bbox 766 1409 1019 1454; x_wconf 89' lang='lat' dir='ltr'><strong>desiderium</strong></span> <span class='ocrx_word' id='word_1_167' title='bbox 1060 1411 1150 1467; x_wconf 89' lang='lat' dir='ltr'><strong>ejus</strong></span> <span class='ocrx_word' id='word_1_168' title='bbox 1185 1409 1338 1453; x_wconf 89' lang='lat' dir='ltr'><strong>tenuit.</strong></span> <span class='ocrx_word' id='word_1_169' title='bbox 1400 1409 1540 1454; x_wconf 90' lang='lat' dir='ltr'><strong>Pesti-</strong></span> 
     </span>
     <span class='ocr_line' id='line_1_22' title="bbox 219 1471 1539 1533; baseline 0.001 -17"><span class='ocrx_word' id='word_1_170' title='bbox 219 1471 349 1516; x_wconf 90' lang='lat' dir='ltr'><strong>lentia</strong></span> <span class='ocrx_word' id='word_1_171' title='bbox 369 1473 495 1517; x_wconf 88' lang='lat' dir='ltr'><strong>etiam</strong></span> <span class='ocrx_word' id='word_1_172' title='bbox 515 1472 631 1518; x_wconf 82' lang='lat' dir='ltr'><strong>brevi</strong></span> <span class='ocrx_word' id='word_1_173' title='bbox 660 1477 920 1533; x_wconf 85' lang='lat' dir='ltr'><strong>consequuta</strong></span> <span class='ocrx_word' id='word_1_174' title='bbox 945 1473 1072 1518; x_wconf 89' lang='lat' dir='ltr'><strong>nullis</strong></span> <span class='ocrx_word' id='word_1_175' title='bbox 1101 1472 1419 1518; x_wconf 83' lang='lat' dir='ltr'><strong>occurrentibus</strong></span> <span class='ocrx_word' id='word_1_176' title='bbox 1446 1476 1539 1517; x_wconf 90' lang='lat' dir='ltr'><strong>tan-</strong></span> 
     </span>
     <span class='ocr_line' id='line_1_23' title="bbox 218 1536 1540 1596; baseline 0.002 -16"><span class='ocrx_word' id='word_1_177' title='bbox 218 1539 274 1581; x_wconf 85' lang='lat' dir='ltr'><strong>tae</strong></span> <span class='ocrx_word' id='word_1_178' title='bbox 310 1536 437 1588; x_wconf 84' lang='lat' dir='ltr'><strong>cladis</strong></span> <span class='ocrx_word' id='word_1_179' title='bbox 474 1538 610 1582; x_wconf 91' lang='lat' dir='ltr'><strong>causis</strong></span> <span class='ocrx_word' id='word_1_180' title='bbox 651 1553 703 1583; x_wconf 85' lang='lat' dir='ltr'><strong>ex</strong></span> <span class='ocrx_word' id='word_1_181' title='bbox 743 1538 959 1582; x_wconf 91' lang='lat' dir='ltr'><strong>Manliano</strong></span> <span class='ocrx_word' id='word_1_182' title='bbox 994 1537 1198 1596; x_wconf 87' lang='lat' dir='ltr'><strong>supplicio</strong></span> <span class='ocrx_word' id='word_1_183' title='bbox 1233 1553 1395 1596; x_wconf 79' lang='lat' dir='ltr'><strong>magnae</strong></span> <span class='ocrx_word' id='word_1_184' title='bbox 1428 1538 1540 1596; x_wconf 91' lang='lat' dir='ltr'><strong>parti</strong></span> 
     </span>
     <span class='ocr_line' id='line_1_24' title="bbox 219 1599 1540 1660; baseline 0.002 -16"><span class='ocrx_word' id='word_1_185' title='bbox 219 1599 352 1645; x_wconf 88' lang='lat' dir='ltr'><strong>videri</strong></span> <span class='ocrx_word' id='word_1_186' title='bbox 381 1603 500 1646; x_wconf 87' lang='lat' dir='ltr'><strong>orta:</strong></span> <span class='ocrx_word' id='word_1_187' title='bbox 531 1601 733 1646; x_wconf 86' lang='lat' dir='ltr'><strong>violatum</strong></span> <span class='ocrx_word' id='word_1_188' title='bbox 764 1601 1019 1660; x_wconf 83' lang='lat' dir='ltr'><strong>Capitolium</strong></span> <span class='ocrx_word' id='word_1_189' title='bbox 1049 1617 1142 1646; x_wconf 89' lang='lat' dir='ltr'><strong>esse</strong></span> <span class='ocrx_word' id='word_1_190' title='bbox 1170 1603 1373 1660; x_wconf 88' lang='lat' dir='ltr'><strong>sanguine</strong></span> <span class='ocrx_word' id='word_1_191' title='bbox 1399 1616 1540 1647; x_wconf 87' lang='lat' dir='ltr'><strong>serva-</strong></span> 
     </span>
     <span class='ocr_line' id='line_1_25' title="bbox 219 1664 1538 1725; baseline 0.002 -16"><span class='ocrx_word' id='word_1_192' title='bbox 219 1664 335 1718; x_wconf 84' lang='lat' dir='ltr'><strong>toris,</strong></span> <span class='ocrx_word' id='word_1_193' title='bbox 367 1680 445 1710; x_wconf 91' lang='lat' dir='ltr'><strong>nec</strong></span> <span class='ocrx_word' id='word_1_194' title='bbox 481 1664 549 1710; x_wconf 79' lang='lat' dir='ltr'><strong>dis</strong></span> <span class='ocrx_word' id='word_1_195' title='bbox 580 1666 696 1711; x_wconf 92' lang='lat' dir='ltr'><strong>cordi</strong></span> <span class='ocrx_word' id='word_1_196' title='bbox 724 1666 854 1711; x_wconf 85' lang='lat' dir='ltr'><strong>fuisse</strong></span> <span class='ocrx_word' id='word_1_197' title='bbox 884 1681 1048 1725; x_wconf 86' lang='lat' dir='ltr'><strong>poenam</strong></span> <span class='ocrx_word' id='word_1_198' title='bbox 1079 1666 1168 1724; x_wconf 89' lang='lat' dir='ltr'><strong>ejus</strong></span> <span class='ocrx_word' id='word_1_199' title='bbox 1199 1665 1380 1711; x_wconf 88' lang='lat' dir='ltr'><strong>oblatam</strong></span> <span class='ocrx_word' id='word_1_200' title='bbox 1410 1681 1538 1724; x_wconf 88' lang='lat' dir='ltr'><strong>prope</strong></span> 
     </span>
     <span class='ocr_line' id='line_1_26' title="bbox 219 1729 1538 1790; baseline 0.002 -17"><span class='ocrx_word' id='word_1_201' title='bbox 219 1729 350 1774; x_wconf 79' lang='lat' dir='ltr'><strong>oculis</strong></span> <span class='ocrx_word' id='word_1_202' title='bbox 379 1729 482 1786; x_wconf 86' lang='lat' dir='ltr'><strong>suis,</strong></span> <span class='ocrx_word' id='word_1_203' title='bbox 504 1745 529 1774; x_wconf 89' lang='lat' dir='ltr'><strong>a</strong></span> <span class='ocrx_word' id='word_1_204' title='bbox 557 1745 638 1790; x_wconf 90' lang='lat' dir='ltr'><strong>quo</strong></span> <span class='ocrx_word' id='word_1_205' title='bbox 667 1746 744 1776; x_wconf 89' lang='lat' dir='ltr'><strong>sua</strong></span> <span class='ocrx_word' id='word_1_206' title='bbox 773 1731 930 1789; x_wconf 90' lang='lat' dir='ltr'><strong>templa</strong></span> <span class='ocrx_word' id='word_1_207' title='bbox 959 1734 1103 1789; x_wconf 88' lang='lat' dir='ltr'><strong>crepta</strong></span> <span class='ocrx_word' id='word_1_208' title='bbox 1131 1730 1322 1776; x_wconf 84' lang='lat' dir='ltr'><strong>manibus</strong></span> <span class='ocrx_word' id='word_1_209' title='bbox 1352 1729 1538 1777; x_wconf 86' lang='lat' dir='ltr'><strong>hostium</strong></span> 
     </span>
     <span class='ocr_line' id='line_1_27' title="bbox 225 1797 379 1839; baseline 0 -1"><span class='ocrx_word' id='word_1_210' title='bbox 225 1797 379 1839; x_wconf 87' lang='lat' dir='ltr'><strong>essent.</strong></span> 
     </span>
    </p>

    <p class='ocr_par' dir='ltr' id='par_1_4' title="bbox 110 1854 1539 2098">
     <span class='ocr_line' id='line_1_28' title="bbox 110 1854 1538 1919; baseline 0 -15"><span class='ocrx_word' id='word_1_211' title='bbox 110 1854 209 1908; x_wconf 84' lang='lat'>(21)</span> <span class='ocrx_word' id='word_1_212' title='bbox 278 1858 571 1904; x_wconf 87' lang='lat' dir='ltr'><strong>Pestilentiam</strong></span> <span class='ocrx_word' id='word_1_213' title='bbox 605 1859 746 1919; x_wconf 87' lang='lat' dir='ltr'><strong>inopia</strong></span> <span class='ocrx_word' id='word_1_214' title='bbox 780 1861 951 1919; x_wconf 85' lang='lat' dir='ltr'><strong>frugum</strong></span> <span class='ocrx_word' id='word_1_215' title='bbox 987 1863 1030 1905; x_wconf 88' lang='lat' dir='ltr'><strong>et</strong></span> <span class='ocrx_word' id='word_1_216' title='bbox 1067 1859 1281 1919; x_wconf 86' lang='lat' dir='ltr'><strong>vulgatam</strong></span> <span class='ocrx_word' id='word_1_217' title='bbox 1317 1859 1538 1919; x_wconf 82' lang='lat' dir='ltr'><strong>utriusque</strong></span> 
     </span>
     <span class='ocr_line' id='line_1_29' title="bbox 220 1922 1538 1984; baseline 0.002 -18"><span class='ocrx_word' id='word_1_218' title='bbox 220 1922 318 1967; x_wconf 86' lang='lat' dir='ltr'><strong>mali</strong></span> <span class='ocrx_word' id='word_1_219' title='bbox 339 1923 489 1968; x_wconf 84' lang='lat' dir='ltr'><strong>famam</strong></span> <span class='ocrx_word' id='word_1_220' title='bbox 519 1939 628 1969; x_wconf 87' lang='lat' dir='ltr'><strong>anno</strong></span> <span class='ocrx_word' id='word_1_221' title='bbox 656 1925 904 1984; x_wconf 89' lang='lat' dir='ltr'><strong>insequente</strong></span> <span class='ocrx_word' id='word_1_222' title='bbox 931 1924 1150 1983; x_wconf 83' lang='lat' dir='ltr'><strong>multiplex</strong></span> <span class='ocrx_word' id='word_1_223' title='bbox 1176 1923 1329 1969; x_wconf 80' lang='lat' dir='ltr'><strong>bellum</strong></span> <span class='ocrx_word' id='word_1_224' title='bbox 1359 1925 1538 1983; x_wconf 86' lang='lat' dir='ltr'><strong>excepit,</strong></span> 
     </span>
     <span class='ocr_line' id='line_1_30' title="bbox 221 1987 1539 2048; baseline 0.001 -16"><span class='ocrx_word' id='word_1_225' title='bbox 221 1987 272 2032; x_wconf 88' lang='lat' dir='ltr'><strong>L.</strong></span> <span class='ocrx_word' id='word_1_226' title='bbox 292 1987 462 2032; x_wconf 83' lang='lat' dir='ltr'><strong>Valerio</strong></span> <span class='ocrx_word' id='word_1_227' title='bbox 485 1992 681 2046; x_wconf 87' lang='lat' dir='ltr'><strong>quartum</strong></span> <span class='ocrx_word' id='word_1_228' title='bbox 701 1989 813 2034; x_wconf 90' lang='lat' dir='ltr'><strong>Aulo</strong></span> <span class='ocrx_word' id='word_1_229' title='bbox 834 1989 997 2033; x_wconf 77' lang='lat' dir='ltr'><strong>Manlio</strong></span> <span class='ocrx_word' id='word_1_230' title='bbox 1025 1989 1200 2033; x_wconf 87' lang='lat' dir='ltr'><strong>tertium</strong></span> <span class='ocrx_word' id='word_1_231' title='bbox 1229 1989 1373 2033; x_wconf 86' lang='lat' dir='ltr'><strong>Servio</strong></span> <span class='ocrx_word' id='word_1_232' title='bbox 1403 1988 1539 2048; x_wconf 88' lang='lat' dir='ltr'><strong>Sulpi-</strong></span> 
     </span>
     <span class='ocr_line' id='line_1_31' title="bbox 222 2051 1539 2098; baseline 0.002 -3"><span class='ocrx_word' id='word_1_233' title='bbox 222 2051 285 2096; x_wconf 90' lang='lat' dir='ltr'><strong>cio</strong></span> <span class='ocrx_word' id='word_1_234' title='bbox 306 2052 480 2096; x_wconf 89' lang='lat' dir='ltr'><strong>tertium</strong></span> <span class='ocrx_word' id='word_1_235' title='bbox 501 2053 635 2098; x_wconf 90' lang='lat' dir='ltr'><strong>Lucio</strong></span> <span class='ocrx_word' id='word_1_236' title='bbox 656 2053 857 2098; x_wconf 88' lang='lat' dir='ltr'><strong>Lucretio</strong></span> <span class='ocrx_word' id='word_1_237' title='bbox 885 2052 937 2097; x_wconf 90' lang='lat' dir='ltr'><strong>L.</strong></span> <span class='ocrx_word' id='word_1_238' title='bbox 959 2053 1129 2098; x_wconf 88' lang='lat' dir='ltr'><strong>AEmilio</strong></span> <span class='ocrx_word' id='word_1_239' title='bbox 1157 2054 1331 2098; x_wconf 85' lang='lat' dir='ltr'><strong>tertium</strong></span> <span class='ocrx_word' id='word_1_240' title='bbox 1352 2053 1416 2097; x_wconf 90' lang='lat' dir='ltr'><strong>M.</strong></span> <span class='ocrx_word' id='word_1_241' title='bbox 1438 2052 1539 2098; x_wconf 87' lang='lat' dir='ltr'><strong>Tre-</strong></span> 
     </span>
    </p>

    <p class='ocr_par' dir='ltr' id='par_1_5' title="bbox 189 2115 1538 2240">
     <span class='ocr_line' id='line_1_32' title="bbox 189 2115 1537 2175; baseline 0.001 -16"><span class='ocrx_word' id='word_1_242' title='bbox 189 2115 351 2161; x_wconf 85' lang='lat' dir='ltr'><strong>2b0ni0</strong></span> <span class='ocrx_word' id='word_1_243' title='bbox 390 2115 571 2161; x_wconf 87' lang='lat' dir='ltr'><strong>tribunis</strong></span> <span class='ocrx_word' id='word_1_244' title='bbox 612 2117 792 2163; x_wconf 89' lang='lat' dir='ltr'><strong>militum</strong></span> <span class='ocrx_word' id='word_1_245' title='bbox 834 2116 1041 2162; x_wconf 87' lang='lat' dir='ltr'><strong>consulari</strong></span> <span class='ocrx_word' id='word_1_246' title='bbox 1081 2120 1305 2175; x_wconf 82' lang='lat' dir='ltr'><strong>potestate.</strong></span> <span class='ocrx_word' id='word_1_247' title='bbox 1375 2117 1537 2161; x_wconf 81' lang='lat' dir='ltr'><strong>Hostes</strong></span> 
     </span>
     <span class='ocr_line' id='line_1_33' title="bbox 226 2180 1538 2240; baseline 0.002 -16"><span class='ocrx_word' id='word_1_248' title='bbox 226 2180 325 2225; x_wconf 87' lang='lat' dir='ltr'><strong>novi</strong></span> <span class='ocrx_word' id='word_1_249' title='bbox 344 2183 497 2238; x_wconf 83' lang='lat' dir='ltr'><strong>praeter</strong></span> <span class='ocrx_word' id='word_1_250' title='bbox 518 2180 698 2226; x_wconf 88' lang='lat' dir='ltr'><strong>Vulscos</strong></span> <span class='ocrx_word' id='word_1_251' title='bbox 719 2182 836 2227; x_wconf 82' lang='lat' dir='ltr'><strong>velut</strong></span> <span class='ocrx_word' id='word_1_252' title='bbox 857 2184 970 2226; x_wconf 89' lang='lat' dir='ltr'><strong>sorte</strong></span> <span class='ocrx_word' id='word_1_253' title='bbox 992 2180 1168 2239; x_wconf 84' lang='lat' dir='ltr'><strong>quadam</strong></span> <span class='ocrx_word' id='word_1_254' title='bbox 1197 2196 1325 2240; x_wconf 91' lang='lat' dir='ltr'><strong>prope</strong></span> <span class='ocrx_word' id='word_1_255' title='bbox 1346 2180 1390 2225; x_wconf 82' lang='lat' dir='ltr'><strong>in</strong></span> <span class='ocrx_word' id='word_1_256' title='bbox 1417 2184 1538 2226; x_wconf 78' lang='lat' dir='ltr'><strong>aeter-</strong></span> 
     </span>
    </p>
   </div>
   <div class='ocr_carea' id='block_1_4' title="bbox 223 2244 1537 2307">
    <p class='ocr_par' dir='ltr' id='par_1_6' title="bbox 223 2244 1537 2307">
     <span class='ocr_line' id='line_1_34' title="bbox 223 2244 1537 2307; baseline 0.002 -15"><span class='ocrx_word' id='word_1_257' title='bbox 223 2259 326 2293; x_wconf 86' lang='lat' dir='ltr'><strong>num</strong></span> <span class='ocrx_word' id='word_1_258' title='bbox 364 2244 596 2293; x_wconf 82' lang='lat' dir='ltr'><strong>exercendo</strong></span> <span class='ocrx_word' id='word_1_259' title='bbox 635 2245 828 2307; x_wconf 85' lang='lat' dir='ltr'><strong>Romano</strong></span> <span class='ocrx_word' id='word_1_260' title='bbox 866 2245 990 2293; x_wconf 85' lang='lat' dir='ltr'><strong>militi</strong></span> <span class='ocrx_word' id='word_1_261' title='bbox 1030 2245 1150 2301; x_wconf 76' lang='lat' dir='ltr'><strong>datos</strong></span> <span class='ocrx_word' id='word_1_262' title='bbox 1191 2245 1458 2306; x_wconf 83' lang='lat' dir='ltr'><strong>Circeiosque</strong></span> <span class='ocrx_word' id='word_1_263' title='bbox 1492 2248 1537 2294; x_wconf 82' lang='lat' dir='ltr'><strong>et</strong></span> 
     </span>
    </p>
   </div>
  </div>
 </body>
</html>
