1649 2452
628 70 740 110 LlB.
771 70 824 111 X.
853 74 916 117 35,
939 73 1000 110 36.
1394 73 1471 113 645

154 124 353 165 moeni]

154 166 344 210 fremitus
380 164 604 224 perfertur,
640 165 856 210 exire—id
889 165 1001 224 quod
1036 165 1365 209 timuerint—ad
1398 167 1473 210 im-

153 229 400 287 pediendum
422 230 505 274 iter
533 230 760 284 Romanos,
789 229 947 275 nullam
974 228 1072 274 inde
1092 244 1145 274 ne
1167 229 1281 288 fugae
1304 230 1471 289 quidem

154 299 296 352 patere
327 295 448 347 viam,
486 294 557 339 illo
591 294 683 340 loco
718 298 793 339 aut
829 293 1061 340 cadendum
1097 309 1188 339 esse
1221 299 1296 338 aut
1326 295 1471 339 stratis

154 358 344 404 hostibus
383 374 458 417 pcr
493 374 669 417 corpora
710 375 855 404 eorum
895 357 1168 404 evadendum.
1245 359 1299 402 In
1333 359 1470 404 medio
1486 363 1595 417 (36)

152 423 334 468 sarcinas
365 423 606 481 conjiciunt,
645 424 795 468 armati
825 423 913 468 suis
948 423 1125 481 quisque
1160 422 1375 468 ordinibus
1411 424 1470 468 in-

153 491 325 531 struunt
361 488 503 532 aciem.
563 488 660 532 Jam
696 489 893 546 exiguum
935 487 1046 532 inter
1087 486 1190 531 duas
1231 488 1340 532 acics
1381 491 1470 532 erat
1489 497 1513 534 2

153 554 334 608 spatium
356 556 399 596 ct
419 552 590 597 stabant
617 556 925 611 exspectantes,
948 551 1048 596 dum
1070 550 1122 596 ab
1143 551 1335 597 hostibus
1356 553 1473 610 prius

154 615 334 674 impetus
369 616 486 674 prius
527 616 684 662 clamor
722 616 955 674 inciperet:
1001 617 1164 661 neutris
1204 617 1368 661 animus
1408 625 1474 662 est

153 679 206 723 ad
227 680 510 739 pugnandum,
532 680 769 739 diversique
789 680 947 739 integri
967 684 1094 738 atque
1113 680 1264 726 intacti
1289 680 1474 726 abissent

154 743 197 788 ni
217 743 382 789 cedenti
409 745 665 790 instaturum
695 745 874 790 alterum
901 744 1156 789 timuissent.
1219 745 1305 789 Sua
1325 749 1474 804 sponte
1492 752 1518 790 3

154 808 264 853 inter
298 809 453 854 invitos
488 809 901 868 tergiversantesque
937 809 1077 867 segnis
1113 824 1258 867 pugna
1296 809 1476 855 clamore

153 873 314 918 incerto
341 876 468 932 atque
495 873 645 931 impari
672 874 814 932 coepit,
841 887 918 918 nec
946 873 1126 931 vestigio
1148 874 1369 932 quisquam
1389 889 1477 919 mo—

153 936 353 982 vebatur:
386 942 478 982 tum
499 938 645 982 consul
673 938 905 993 Romanus,
927 941 976 981 ut
998 953 1085 981 rem
1115 938 1332 991 excitaret,
1362 938 1476 997 equi·

154 1006 246 1046 tum
285 1017 440 1060 paucas
479 1006 642 1047 turmas
683 1007 804 1047 extra
843 1001 1032 1047 ordinem
1067 1002 1254 1055 immisit,
1297 1018 1476 1060 quorum

154 1081 282 1124 quum
314 1065 501 1125 plerique
530 1065 689 1125 delapsi
719 1082 771 1111 ex
804 1066 937 1125 equis·
953 1070 1095 1110 essent
1126 1071 1170 1111 et
1200 1067 1270 1111 alii
1300 1067 1477 1121 turbati,'

154 1134 198 1174 et
218 1145 243 1174 a
264 1130 516 1175 Samnitium
543 1131 632 1175 acie
653 1130 705 1175 ad
726 1130 1023 1188 opprimendos
1045 1145 1117 1175 eos
1146 1131 1218 1189 qui
1239 1131 1477 1176 ceciderant

153 1200 199 1239 et
233 1193 287 1239 ad
317 1209 416 1239 suos
446 1194 627 1239 tuendos
658 1194 710 1240 ab
741 1195 946 1240 Romanis
977 1209 1226 1253 procursum
1256 1199 1347 1240 est:
1379 1195 1477 1241 inde

154 1258 324 1316 paulum
364 1259 532 1304 irritat-a
566 1275 709 1319 pugna
743 1265 821 1313 est,
860 1259 934 1304 sed
970 1259 1185 1318 aliquanto
1220 1264 1264 1304 et
1298 1260 1476 1319 impigre

155 1324 288 1382 magis
328 1327 372 1368 et
411 1323 553 1382 plures
594 1329 891 1382 procurrerant
933 1324 1156 1378 Samnites,
1194 1327 1238 1369 et
1277 1324 1476 1370 turbatus

154 1403 282 1446 eques
303 1403 380 1432 sua
407 1389 497 1446 ipse
518 1387 705 1433 subsidia
730 1389 891 1432 territis
912 1388 1032 1447 equis
1062 1388 1347 1446 proculcavit:
1378 1389 1477 1434 hinc

155 1453 257 1511 suga
286 1457 425 1510 coepta
453 1457 586 1496 totam
618 1454 772 1497 avertit
803 1453 934 1498 aciem
964 1453 1212 1505 Romanam,
1234 1453 1403 1512 jamque
1432 1454 1479 1499 in

155 1522 277 1575 terga
316 1517 569 1575 fugientium
613 1517 823 1562 Samnites
864 1517 1121 1576 pugnabant,
1160 1533 1290 1575 quum
1331 1518 1479 1564 consul

155 1596 264 1638 equo
285 1586 519 1638 praevectus
549 1580 601 1625 ad
629 1586 795 1639 portam
824 1588 1058 1626 castrorum
1080 1596 1127 1626 ac
1155 1582 1338 1627 statione
1362 1582 1479 1641 eqni-

158 1653 249 1690 tum
284 1645 343 1690 ibi
377 1645 571 1704 opposita
605 1645 826 1703 edictoque
860 1650 922 1700 ut,
954 1646 1206 1704 quicumque
1236 1646 1289 1691 ad
1322 1646 1479 1692 vallum

157 1709 363 1762 tenderet,
405 1710 493 1754 sive
533 1709 602 1754 ille
644 1710 863 1754 Romanus
903 1709 992 1754 sive
1033 1710 1196 1755 Samnis
1237 1716 1361 1766 esset,
1402 1727 1477 1770 pro

157 1774 278 1818 hoste
299 1773 514 1827 haberent,
538 1774 627 1819 haec
647 1774 739 1832 ipsa
766 1774 965 1818 minitans
993 1773 1160 1819 obstitit
1187 1775 1359 1833 profuse
1386 1780 1479 1821 ten-

156 1826 352 1884 dentibfls
374 1839 462 1883 suis
483 1839 526 1883 in
549 1843 712 1883 castra:
746 1841 769 1862 “
784 1839 883 1887 Quo
914 1838 1079 1897 pergis'’
1108 1839 1259 1898 inquit,
1282 1842 1307 1864 “
1320 1840 1476 1886 miles?

155 1909 199 1946 et
225 1902 295 1946 hic
322 1918 438 1947 arma
465 1908 508 1948 et
536 1903 648 1947 viros
676 1903 864 1948 invenies
891 1918 969 1948 nec
989 1903 1085 1948 vivo
1109 1903 1280 1949 consule
1299 1908 1376 1950 tuo
1396 1905 1481 1953 nisi

153 1966 291 2011 victor
312 1971 451 2011 castra
469 1967 647 2012 intrabis
665 1987 674 2012 z
706 1967 881 2025 proinde
908 1967 1029 2026 elige,
1050 1983 1146 2013 cum
1170 1969 1260 2014 cive
1280 1984 1334 2013 an
1353 1967 1484 2015 hoste'

155 2046 342 2089 pugnare
364 2031 526 2076 malis.''
590 2032 699 2077 Haec
727 2031 894 2077 dicente
921 2031 1093 2077 consule
1121 2033 1284 2092 equites
1312 2033 1478 2080 infestis
1497 2047 1521 2083 4

155 2094 399 2152 cuspidibus
429 2096 825 2142 circumfunduntur
853 2111 902 2141 ac
929 2095 1115 2154 peditem
1141 2097 1186 2142 in
1210 2113 1395 2156 pugnam
1414 2114 1481 2143 re-

154 2157 244 2203 dire
266 2159 431 2217 jubent.
494 2161 595 2206 Non
615 2161 751 2206 virtus
782 2160 917 2206 solum
939 2160 1122 2207 consulis
1150 2161 1225 2207 scd
1245 2162 1331 2207 fors
1351 2163 1478 2208 etiam
1495 2177 1520 2214 5

156 2222 329 2283 adjuvit,
352 2225 466 2284 quod
486 2241 571 2271 non
598 2225 848 2272 institerunt
874 2225 1086 2272 Samnites
1113 2226 1381 2287 spatiumque
1399 2228 1480 2274 cir-
