1649 2452
225 88 301 128 502
522 89 567 128 T.
598 89 749 128 LIVII
784 88 1023 130 HISTORI
1029 86 1200 129 ARUM
1336 139 1393 191 [A
1410 138 1446 172 c
1462 137 1535 173 330

225 182 371 241 phavit
406 185 462 236 et,
495 197 549 227 ne
581 182 738 228 Atilius
768 199 917 242 expers
947 184 1090 243 gloriae
1120 185 1245 236 esset,
1272 181 1382 240 jussi
1416 181 1538 226 ambo

159 248 208 287 10
224 247 414 292 consules
443 247 641 292 adversus
674 247 878 293 Sidicinos
909 247 1061 293 ducere
1090 247 1334 292 exercitum
1392 245 1540 290 Dicta·

222 313 358 356 torem
379 314 476 355 ante
497 327 549 356 ex
569 314 740 356 senatus
757 312 948 357 consulto
969 312 1234 358 comitiorum
1254 309 1540 356 habendorum

223 389 350 420 causa
389 375 585 420 dixerunt
624 375 676 420 L.
698 376 918 421 AEmilium
957 376 1278 429 Mamercinum,
1315 375 1352 419 is
1391 375 1542 433 magis·

222 442 339 484 trum
365 440 554 497 equitum
584 439 638 488 Q.
664 440 893 485 Publilium
920 441 1142 485 Philonem
1172 439 1305 484 dixit:
1337 438 1542 483 dictatore

224 504 394 549 comitia
423 504 604 549 habente
640 504 833 549 consules
870 505 1002 550 creati
1032 508 1132 549 sunt
1161 504 1210 548 Τ.
1233 502 1438 548 Veturius
1469 503 1541 560 Sp.

160 571 206 608 11
223 567 482 612 Postumius.
557 568 655 612 Etsi
694 567 793 613 belli
831 583 928 627 pars
970 584 1064 613 cum
1108 567 1301 612 Sidicinis
1340 566 1541 620 restabat,

224 635 377 685 tamen,
409 636 458 676 ut
488 631 689 677 beneficio
718 633 997 689 praevenirent
1034 631 1285 676 desiderium
1315 630 1460 689 plebis,
1481 629 1542 675 -de

224 696 386 741 colonia
415 695 658 740 deducenda
689 696 806 741 Cales
841 697 1111 750 rettulerunt,
1144 697 1341 754 factoque
1371 698 1542 740 senatus

225 760 418 806 consulto
438 764 488 805 ut
519 761 602 805 duo
630 760 758 805 millia
779 761 998 819 quingenti
1023 761 1214 805 homines
1244 775 1293 804 eo
1315 759 1545 804 scriberen-

224 827 309 878 tur,
340 825 583 870 triumviros
614 824 785 870 coloniae
816 824 1068 870 deducendae
1099 839 1283 883 agroque
1314 822 1544 868 dividundo

227 892 474 934 creaverunt
505 889 723 934 Caesonem
762 888 978 934 Duellium
1008 889 1056 933 T.
1081 888 1332 937 Quinctium
1370 887 1435 933 M.
1463 887 1545 932 Fa-

225 952 354 998 bium.

114 1017 212 1069 (17)
284 1017 402 1063 Novi
435 1017 584 1063 deinde
614 1017 805 1064 consules
847 1033 871 1063 a
900 1017 1113 1063 veteribus
1143 1017 1333 1063 exercitu
1372 1019 1544 1074 accepto

225 1081 406 1141 ingressi
424 1082 612 1128 hostium
632 1083 736 1128 fines
758 1082 996 1141 populando
1017 1098 1152 1140 usque
1173 1081 1225 1126 ad
1245 1081 1399 1125 moenia
1419 1084 1545 1140 atquc

187 1147 375 1191 2urbem
413 1151 708 1206 pervenerunt.
771 1147 839 1192 lbi
880 1148 977 1205 quia
1015 1146 1179 1204 ingenti
1216 1145 1405 1190 exercitu
1435 1160 1548 1190 com-

225 1211 411 1269 parando
452 1211 625 1257 Sidicini
665 1215 708 1257 et
749 1212 830 1269 ipsi
859 1227 934 1269 pro
966 1214 1154 1255 extrema
1195 1225 1268 1268 spe
1309 1209 1548 1254 dimicaturi

226 1278 347 1322 enixe
387 1277 638 1323 videbantur
677 1281 721 1322 ct
764 1277 979 1321 Samnium
1020 1277 1132 1320 fama
1171 1279 1261 1320 erat
1296 1275 1453 1320 conciri
1493 1275 1547 1319 ad
1633 1293 1637 1342 ἶ.

226 1340 393 1398 bellum,
425 1342 606 1386 dictator
637 1341 688 1388 ab
719 1341 960 1387 consulibus
1001 1356 1053 1385 ex
1084 1340 1337 1384 auctoritate
1371 1342 1545 1384 senatus

226 1405 364 1451 dictus
385 1407 434 1451 P.
459 1406 678 1451 Cornelius
706 1406 902 1459 Rufinus,
924 1405 1127 1463 magister
1154 1405 1345 1462 equitum
1371 1403 1436 1448 M.
1458 1404 1549 1447 An-

186 1476 209 1512 3
226 1471 382 1515 tonius.
443 1471 612 1529 Religio
641 1470 790 1516 deinde
820 1469 991 1515 incessit
1025 1469 1127 1513 vitio
1155 1483 1226 1513 eos
1254 1470 1430 1521 creatos,
1459 1483 1548 1511 ma-

226 1535 494 1594 gistratuque
531 1551 576 1580 se
607 1535 933 1580 abdicaverunt:
970 1537 1013 1578 et
1045 1534 1142 1592 quia
1171 1531 1411 1591 pestilentia
1439 1531 1548 1576 inse-

226 1603 362 1657 quuta
382 1605 460 1653 est,
483 1599 600 1644 velut
621 1599 813 1644 omnibus
836 1613 885 1643 eo
905 1598 1009 1642 vitio
1031 1597 1236 1642 contactis
1258 1595 1454 1653 auspiciis
1474 1611 1543 1640 res

185 1663 281 1708 4ad
309 1664 600 1722 interregnum
629 1663 766 1708 rediit.
827 1662 895 1707 Ab
926 1662 1167 1719 interregno
1195 1660 1300 1704 inito
1328 1675 1403 1718 per
1429 1659 1548 1718 quin-

225 1731 319 1772 tum
354 1727 522 1772 demum
556 1728 810 1785 interregem
851 1726 914 1771 M.
937 1726 1153 1770 Valerium
1190 1724 1375 1768 Corvum
1416 1724 1546 1768 creati

184 1798 207 1835 5
226 1793 416 1837 consules
444 1793 497 1836 A.
522 1792 741 1836 Cornelius
773 1792 925 1836 iterum
954 1794 997 1835 et
1027 1790 1104 1834 Cn.
1127 1788 1354 1833 Domitius
1414 1787 1547 1832 Tran-

225 1856 363 1915 quillis
396 1856 522 1901 rebus
556 1857 667 1900 fania
698 1856 844 1900 Gallici
877 1853 974 1899 belli
1002 1869 1079 1912 pro
1109 1852 1299 1897 tumultu
1328 1851 1462 1896 valuit
1496 1857 1546 1896 ut

225 1924 268 1965 et
289 1921 535 1966 dictatorem
559 1920 640 1965 dici
661 1920 868 1978 placeret:
902 1918 1041 1963 dictus
1063 1917 1126 1962 M.
1150 1917 1345 1974 Papirius
1367 1915 1545 1960 Crassus

224 1988 268 2030 et
302 1985 505 2041 magister
536 1985 725 2043 equitum
757 1985 806 2028 P.
828 1983 1024 2028 Valerius
1055 1981 1300 2027 Publicola:
1333 1995 1358 2024 a
1393 1979 1544 2039 quibus

225 2065 355 2107 quum
387 2049 564 2094 dilectus
595 2049 801 2093 intentius
833 2063 957 2106 quam
993 2045 1193 2090 adversus
1224 2045 1400 2089 finitima
1439 2043 1550 2089 bella

224 2113 465 2168 haberetur,
496 2113 781 2172 exploratores
811 2111 930 2157 missi
960 2110 1205 2155 adtulerunt
1236 2110 1378 2168 quieta
1407 2109 1548 2153 omnia
1636 2160 1642 2177 Δ

185 2177 338 2236 Gapud
366 2177 507 2222 Gallos
540 2193 645 2223 esse.
709 2177 922 2222 Samnium
955 2189 1121 2234 quoque
1148 2175 1234 2233 jam
1265 2174 1444 2219 alterum
1475 2188 1548 2218 an·

225 2257 328 2290 num
347 2241 511 2288 turbari
539 2243 659 2288 novis
680 2241 864 2289 consiliis
891 2243 1135 2297 suspectum
1157 2241 1261 2294 erat,
1284 2253 1334 2285 eo
1362 2251 1418 2285 ex
1444 2252 1546 2298 agro

1636 2180 1643 2270 ἱ
