1649 2452
535 45 648 88 LIB.
678 48 753 88 VI.
787 50 959 89 30-32.
1328 47 1407 92 407

88 102 132 135 A.
150 99 187 135 c.
205 99 295 142 3⁷4]

86 145 313 189 tribunicia
350 141 615 201 impediendo
655 143 937 196 dilectuesset,
976 140 1111 187 donec
1146 140 1406 188 conditiones

86 209 293 266 impositae
328 207 518 266 patribus
548 223 602 253 ne
633 208 741 267 quis,
773 207 910 268 quoad
946 206 1145 252 bellatum
1177 209 1304 259 esset,
1333 207 1410 251 tri-

85 272 238 323 butum
268 271 388 317 daret
418 274 492 316 aut
516 273 590 330 jus
621 271 674 317 de
708 274 886 331 pecunia
915 270 1076 317 credita
1111 270 1282 315 diceret.
1343 271 1445 316 Eo5

85 336 323 388 laxamento
353 336 465 396 plebi
499 340 668 396 sumpto
702 352 820 382 mora
854 336 1027 381 dilectui
1060 351 1146 380 non
1181 338 1246 380 est
1282 335 1407 381 facta.

85 400 346 461 Legionibus
385 401 505 446 novis
546 401 714 457 scriptis
763 401 921 460 placuit
961 399 1066 445 duos
1115 400 1325 444 exercitus
1364 400 1445 445 in6

87 481 236 525 agrum
255 466 461 511 Vulscum
480 465 716 525 legionibus
746 465 890 511 divisis
919 465 1040 510 duci:
1074 465 1144 523 Sp.
1164 464 1322 509 Furius
1342 464 1407 510 M.

85 530 295 590 Horatius
330 530 576 575 dextrorsus
611 530 863 575 maritimam
899 545 1014 575 oram
1050 532 1178 587 atque
1215 529 1407 583 Antium,

88 595 138 650 Q.
161 595 362 640 Servilius
393 598 436 640 et
466 595 518 640 L.
543 595 757 654 Geganius
793 595 897 640 laeva
931 594 984 639 ad
1013 601 1177 638 montes
1209 594 1409 639 Ecetram

86 664 283 720 pergunt.
345 661 510 704 Neutra
536 666 656 718 parte
682 659 819 704 hostis
850 659 997 704 obvius
1025 658 1120 703 fuit.
1182 658 1444 717 Populati07

86 723 228 784 itaque
258 740 344 769 non
378 724 438 769 illi
472 739 589 783 vagae
625 723 783 777 similis,
818 739 943 782 quam
977 723 1162 768 Vulscus
1199 723 1410 768 latrocinii

85 805 202 834 more
223 788 439 835 discordiae
460 788 646 833 hostium
665 787 801 833 fretus
824 792 866 832 et
888 788 1091 833 virtutem
1116 791 1309 833 metuens
1332 803 1408 846 per

86 853 410 913 trepidationem
449 853 602 911 raptim
643 852 814 907 fecerat,
856 852 930 897 sed
971 852 1021 897 ab
1059 852 1178 911 justo
1219 853 1407 898 exercitu

83 919 201 978 justa
219 919 283 963 ira
302 918 414 963 facta
434 918 571 975 spatio
602 932 768 976 quoque
795 917 997 975 temporis
1026 917 1217 977 gravior:
1251 918 1407 976 quippe

87 999 113 1028 a
143 982 313 1028 Vulscis
347 981 608 1037 timentibus,
639 997 693 1026 ne
732 981 903 1026 interim
939 982 1148 1027 exercitus
1183 981 1235 1027 ab
1270 983 1410 1027 Roma

87 1047 236 1102 exiret,
258 1047 518 1092 incursiones
539 1047 584 1092 in
605 1049 796 1091 extrema
820 1046 969 1090 finium
989 1047 1113 1091 factae
1141 1049 1261 1092 erant
1279 1063 1289 1091 :
1320 1047 1409 1092 Ro-

86 1127 210 1158 mano
241 1116 388 1157 contra
417 1111 545 1156 etiam
574 1111 619 1156 in
647 1110 813 1155 hostico
847 1110 1039 1155 morandi
1074 1127 1201 1156 causa
1234 1116 1325 1157 erat
1359 1115 1410 1156 ut

84 1177 254 1222 hostem
284 1176 337 1221 ad
364 1180 575 1222 certamen
602 1175 783 1220 eliceret.
845 1174 999 1232 Itaque
1029 1176 1223 1221 omnibus
1253 1176 1445 1235 passim8

87 1242 213 1288 tectis
244 1257 442 1300 agrorum
471 1241 658 1299 vicisque
685 1240 812 1285 etiam
843 1240 1092 1299 quibusdam
1123 1241 1297 1297 exustis,
1324 1257 1411 1286 non

88 1306 235 1352 arbore
274 1306 479 1364 frugifera
516 1321 603 1350 non
642 1305 744 1350 satis
784 1304 830 1349 in
870 1321 987 1364 spem
1025 1305 1197 1365 frugum
1237 1306 1407 1360 relictis,

88 1371 285 1431 omnique
312 1387 406 1430 quae
433 1374 555 1416 extra
580 1369 732 1415 moenia
763 1369 845 1414 fuit
873 1369 1089 1414 hominum
1116 1370 1408 1430 pecudumque

87 1435 230 1495 praeda
249 1435 398 1481 abacta
416 1435 598 1480 Romam
618 1434 831 1493 utrimque
852 1435 1064 1480 exercitus
1084 1436 1261 1480 reducti.

146 1501 285 1546 Parvo
319 1500 539 1545 intervallo
574 1499 626 1544 ad
661 1499 951 1557 respirandum
991 1499 1252 1546 debitoribus
1293 1500 1404 1555 dato,
1421 1500 1527 1556 (32)

88 1569 314 1625 postquam
346 1565 499 1624 quietae
533 1579 601 1609 res
637 1563 689 1609 ab
724 1563 919 1609 hostibus
955 1569 1088 1619 erant,
1126 1565 1327 1611 celebrari
1357 1565 1408 1611 de

88 1630 257 1689 integro
278 1631 390 1689 juris
419 1629 560 1685 dictio,
589 1632 633 1674 et
662 1631 832 1673 tantum
861 1628 1007 1674 abesse
1038 1645 1134 1689 spes
1165 1631 1321 1675 veteris
1352 1630 1411 1676 le-

88 1695 215 1741 vandi
250 1695 420 1749 fenoris,
457 1698 507 1739 ut
541 1693 705 1738 tributo
739 1708 897 1738 novum
930 1693 1055 1740 fenus
1091 1695 1411 1740 contraheretur

89 1761 135 1806 in
157 1776 326 1805 murum
354 1776 379 1804 a
405 1758 649 1805 censoribus
675 1757 860 1803 locatum
888 1774 989 1804 saxo
1018 1759 1223 1818 quadrato
1250 1760 1411 1805 faciun-

90 1824 205 1870 dum.
266 1824 349 1870 Cui
373 1822 646 1870 succumbere
672 1822 791 1868 oneri
817 1827 963 1869 coacta
989 1823 1144 1882 plebes,
1168 1825 1266 1884 quia
1286 1841 1409 1884 quem

90 1889 291 1935 dilectum
310 1888 564 1949 impedirent
589 1903 676 1932 non
702 1886 913 1932 habebant
932 1888 1092 1934 tribuni
1113 1889 1259 1948 plebis.
1319 1891 1409 1935 Tri·
1423 1900 1447 1936 2

89 1952 227 2000 bunos
248 1954 377 2000 etiam
395 1953 598 1999 mflitares
618 1952 817 2011 patricios
838 1968 982 1999 omnes
1010 1958 1155 2001 coacta
1174 1956 1411 2015 principum

90 2018 242 2078 opibus
268 2019 371 2065 fecit
397 2019 449 2064 L.
471 2018 690 2064 AEmilium
718 2017 767 2062 P.
789 2017 1006 2064 Valerium
1035 2024 1232 2078 quartum
1253 2021 1302 2066 C.
1324 2021 1411 2066 Ve-

91 2083 253 2130 turium
281 2084 369 2129 Ser.
393 2082 627 2143 Sulpicium
653 2083 705 2128 L.
729 2086 772 2127 et
801 2082 848 2128 G.
874 2084 1094 2139 Quinctios
1123 2085 1407 2132 Cincinnatos.

92 2147 238 2194 Isdem
267 2148 418 2208 opibus
446 2148 666 2194 obtinuere
693 2151 744 2193 ut
772 2149 973 2194 adversus
999 2149 1179 2196 Latinos
1211 2151 1409 2198 Vulscos-
1423 2157 1445 2194 3

95 2227 191 2271 nne,
219 2214 294 2275 qui
318 2213 556 2276 conjunctis
581 2213 816 2277 legionibus
848 2214 902 2261 ad
930 2213 1138 2265 Satricum
1166 2219 1304 2266 castra
1335 2217 1410 2265 ha-
