1649 2452
180 117 261 160 632
504 118 549 158 T.
581 114 730 158 L1v11
762 115 1181 159 HISTORIARUM
1306 173 1337 203 A
1366 173 1391 204 c
1417 173 1491 206 ²9⁵·

179 211 344 269 imperii
381 211 545 265 darent,
586 227 766 270 quonam
814 211 938 257 modo
978 227 1023 258 se
1062 211 1252 258 oblivisci
1330 249 1340 258 .
1371 214 1495 259 Decii

179 275 361 320 consulis
387 291 462 334 per
492 279 559 320 tot
589 276 764 335 collegia
792 277 952 334 experti
983 277 1138 334 posse?
1170 277 1378 322 neminem
1407 293 1496 322 om-

178 339 295 384 nium
316 355 456 385 secum
480 340 679 398 conjungi
706 339 839 396 malle,
861 344 904 385 et
925 340 1137 398 copiarum
1158 341 1261 385 satis
1289 341 1370 386 sibi
1398 357 1496 387 cum

180 404 228 448 P.
250 404 383 449 Decio
415 408 459 448 et
485 419 713 462 numquam
743 405 919 449 nimium
949 405 1133 449 hostium
1161 405 1276 450 fore:
1317 406 1384 450 sin
1412 405 1497 451 col-

178 467 273 526 lega
303 468 405 527 quid
444 468 556 513 aliud
595 468 726 522 malit,
759 473 803 513 at
844 469 924 513 sibi
958 469 1009 514 L.
1032 469 1308 514 Volumnium
1347 469 1496 515 darent

139 540 161 577 3
180 532 426 590 adjutorem.
488 532 689 577 Omnium
718 548 859 577 rerum
891 532 1110 578 arbitrium
1141 538 1184 578 et
1215 549 1239 577 a
1269 533 1422 592 populo
1451 538 1496 579 et

179 611 204 640 a
234 600 385 641 senatu
416 599 459 641 et
495 596 546 641 ab
576 597 668 655 ipso
698 596 858 655 collega
888 596 1019 642 Fabio
1049 598 1299 654 permissum
1330 601 1420 642 est:
1445 601 1497 655 ,et

179 676 308 718 quum
335 661 384 705 P.
406 661 565 705 Decius
596 676 641 705 se
669 661 713 705 in
744 661 960 705 Samnium
988 660 1054 706 vel
1083 661 1128 705 111
1157 661 1370 706 Etruriam
1402 677 1497 720 pro-

178 724 308 769 ficisci
337 728 530 782 paratum
562 740 653 769 esse
683 725 950 777 ostendisset,
983 729 1104 769 tanta.
1133 724 1281 770 laetitia
1320 740 1368 770 ac
1402 741 1497 784 gra-

177 788 328 832 tulatio
356 789 438 832 fujt
466 793 515 833 ut
542 788 840 846 praeciperetur
860 789 1036 833 victoria
1063 789 1211 833 animis
1238 789 1498 847 triumphus-

177 868 257 910 que
293 868 379 897 non
412 852 568 897 bellum
608 852 822 897 decretum
857 852 1099 898 consulibus
1140 852 1497 898 videretur—In-

139 927 162 961 4
177 917 298 961 venio
319 916 431 975 apud
451 916 653 975 quosdam
674 917 883 975 extemplo
904 917 1125 962 consulatu
1152 917 1258 962 inito
1284 917 1496 975 profectos

174 981 219 1026 in
258 982 472 1026 Etruriam
513 981 690 1026 Fabium
730 982 992 1040 Deciumque
1032 982 1122 1026 sine
1161 982 1247 1026 ulla
1285 982 1497 1028 mentione

175 1047 301 1090 sortis
332 1045 639 1103 provinciarum
667 1046 1024 1102 certaminumque
1053 1046 1165 1090 inter
1193 1045 1373 1104 collegas
1404 1062 1497 1105 quae

176 1110 376 1168 exposui:
408 1114 508 1154 sunt
539 1109 690 1168 quibus
729 1125 784 1155 ne
821 1110 911 1155 haec
952 1109 1117 1169 quidem
1158 1111 1388 1155 certamina
1425 1126 1497 1156 ex·-

174 1190 331 1232 ponere
362 1176 464 1219 satis
505 1175 645 1228 fuerit,
681 1174 908 1233 adjecerint
948 1179 992 1219 et
1026 1175 1154 1232 Appii
1185 1175 1496 1221 criminationes

176 1239 228 1284 de
254 1239 385 1284 Fabio
413 1239 585 1284 absente
614 1239 667 1283 ad
695 1239 895 1297 populum
926 1243 969 1284 et
998 1239 1268 1297 pertinaciam
1295 1239 1496 1285 adversus

175 1308 428 1361 praesentem
463 1304 676 1349 consulem
710 1305 915 1362 praetoris,
942 1304 1340 1363 contentionemque
1375 1304 1496 1349 aliam

175 1369 287 1413 inter
308 1368 488 1427 collegas
509 1368 711 1413 tendente
742 1369 874 1413 Decio
895 1372 944 1412 ut
966 1383 1053 1413 suae
1076 1369 1252 1427 quisque
1273 1369 1496 1426 provinciae

131 1441 153 1478 5
176 1437 332 1478 sortem
361 1437 567 1478 tueretur.
631 1433 837 1478 Constare
866 1448 932 1477 res
954 1433 1124 1490 incipiat
1157 1449 1209 1478 ex
1237 1448 1287 1478 eo
1306 1438 1496 1491 tempore

176 1513 258 1556 quo
280 1498 458 1556 profecti
479 1497 600 1542 ambo
621 1497 814 1542 consules
836 1497 888 1541 ad
908 1496 1060 1541 bellum
1083 1502 1196 1542 sunt.

133 1573 156 1611 6
234 1562 456 1617 Caeterum,
485 1566 583 1606 ante
611 1577 735 1619 quam
763 1561 956 1606 consules
986 1562 1031 1605 in
1059 1561 1275 1606 Etruriam
1306 1561 1496 1619 perveni·

174 1631 281 1680 rent,
326 1627 511 1671 Senones
553 1626 663 1671 Galli
702 1626 972 1670 multitudine
1012 1626 1176 1684 ingenti
1216 1625 1269 1670 ad
1304 1625 1496 1670 Clusium

174 1696 382 1737 venerunt
421 1692 629 1751 legionem
664 1692 897 1737 Romanam
940 1695 1160 1750 castraque
1196 1691 1493 1750 oppugnaturi.

137 1764 156 1802 7
176 1757 326 1814 Scipio,
348 1757 418 1815 qui
441 1757 590 1802 castris
618 1760 808 1814 praeerat,
830 1755 922 1800 loco
943 1755 1217 1814 adjuvandam
1239 1756 1494 1812 paucitatem

174 1836 342 1866 suorum
381 1821 561 1865 militum
597 1826 716 1865 ratus
751 1821 796 1865 in
827 1821 986 1874 collem,
1020 1821 1092 1879 qui
1126 1821 1237 1865 inter
1267 1819 1414 1865 urbem
1449 1823 1494 1864 et

174 1892 313 1930 castra
347 1891 451 1938 erat,
486 1886 614 1930 aciem
651 1886 810 1930 erexit:
843 1885 916 1930 sed
947 1889 995 1929 ut
1026 1886 1070 1929 111
1100 1901 1145 1930 re
1176 1885 1316 1930 subita
1345 1899 1493 1942 parum

174 1950 390 2008 explorato
425 1951 575 1995 itinere
609 1949 660 1994 ad
687 1953 842 2007 jugum
875 1950 1072 2004 perrexit,
1104 1948 1216 2005 quod
1246 1949 1391 1993 hostes
1426 1964 1493 1994 ce-

175 2020 321 2072 perant
343 2020 461 2072 parte
484 2015 563 2059 alia
583 2014 790 2073 adgressi:
823 2015 883 2058 ita
899 2029 1005 2058 caesa
1021 2014 1072 2058 ab
1093 2017 1215 2071 tergo
1235 2012 1345 2071 legio
1365 2018 1492 2070 atque

175 2079 218 2122 in
253 2078 400 2132 medio,
435 2095 564 2137 quum
597 2079 729 2123 hostis
761 2078 947 2136 undiquc
978 2082 1162 2136 urgeret,
1195 2078 1490 2122 circumventa.

133 2153 154 2187 δ
176 2143 369 2188 Deletam
406 2159 571 2201 quoque
606 2143 664 2188 ibi
699 2143 904 2201 legionem
935 2143 996 2186 ita
1025 2146 1074 2186 ut
1104 2141 1278 2185 nuntius
1308 2155 1391 2184 non
1421 2155 1492 2184 su·

174 2213 360 2266 peresset
396 2209 564 2268 quidam
595 2213 787 2254 auctores
818 2212 930 2261 sunt,
963 2223 1041 2253 nec
1071 2211 1168 2252 ante
1198 2206 1251 2251 ad
1281 2205 1488 2259 consules,

174 2274 242 2332 qui
273 2276 360 2332 jam
398 2274 508 2319 haud
545 2273 689 2333 procul
729 2290 753 2319 11
794 2273 937 2319 Clusio
978 2272 1164 2324 aberant,
1205 2271 1356 2316 samam
1396 2270 1487 2329 ejus
