1649 2452
237 100 315 137 380
551 98 597 137 Τ.
627 97 778 137 LIVII
813 97 1230 139 HISTORIARUM
1345 152 1388 191 [A
1419 153 1446 183 c
1473 153 1533 185 383

235 191 389 235 Furius
416 196 461 236 et
481 191 676 237 Valerius
704 195 866 250 partem
892 193 1036 251 oppidi
1049 196 1139 250 jam
1164 196 1330 252 captam
1350 194 1402 238 ab
1422 194 1546 238 Etru-

235 256 317 300 scis
337 255 546 312 invenere,
562 270 616 300 ex
635 264 755 313 parte
776 256 907 301 altera
925 257 1180 316 intersaeptis
1197 257 1417 302 itineribus
1437 273 1547 316 aegre

195 325 220 362 9
236 319 464 379 oppidanos
485 320 572 364 vim
592 320 778 365 bostium
799 320 851 365 ab
871 336 917 366 se
937 325 1140 366 arcentes.
1203 322 1343 376 Quum
1363 321 1545 366 Romani

236 383 379 431 auxilii
399 383 604 428 adventus
631 388 725 428 tum
746 383 910 428 Camilli
929 400 1083 430 nomen
1102 384 1418 431 celeberrimum
1437 385 1548 444 apud

236 447 379 493 hostes
414 448 632 507 sociosque
667 452 710 492 et
744 448 789 492 in
819 450 1041 506 praesentia
1069 465 1158 494 rem
1187 449 1429 494 inclinatam
1459 465 1548 495 sus-

173 517 221 554 10
237 513 365 556 tinuit
404 516 449 556 et
489 512 672 570 spatium
708 511 761 555 ad
795 526 917 569 opem
951 512 1167 558 ferendam
1205 513 1333 558 dedit.
1395 514 1549 572 Itaque

237 576 369 621 diviso
405 577 593 621 exercitu
623 575 824 620 Camillus
855 577 1055 636 collegam
1085 578 1131 622 in
1160 593 1251 622 eam
1281 582 1442 636 partem
1472 578 1549 623 cir-

237 640 474 685 cumductis
495 640 637 698 copiis,
659 655 782 698 quam
804 640 949 685 hostes
969 641 1183 695 tenebant,
1206 642 1357 686 moenia
1377 641 1551 700 adgredi

232 704 368 762 jubet,
394 720 480 749 non
505 709 626 748 tanta
652 719 726 762 spe
754 705 875 750 scalis
903 706 996 763 capi
1022 705 1169 750 urbem
1196 721 1331 763 posse,
1355 722 1478 764 quam
1496 709 1550 750 ut

235 769 450 813 —aversis
471 784 520 813 eo
548 769 844 813 hostibus—et
873 769 1091 827 oppidanis
1105 773 1195 827 jam
1221 769 1445 828 pugnando
1470 771 1551 814 fes·

237 834 295 877 sis
324 833 537 878 laxaretur
570 832 688 877 labor
717 836 761 877 et
790 833 880 891 ipse
911 834 1094 892 spatium
1123 833 1309 878 intrandi
1338 834 1428 878 sine
1461 849 1551 879 cer-

172 901 216 938 11
237 898 393 942 tamine
432 897 584 941 moenia
629 897 815 942 haberet.
896 898 1024 946 Quod
1070 914 1200 957 quum
1240 898 1364 942 simul
1401 899 1552 943 utrim-

238 977 318 1019 que
349 962 505 1006 factum
537 964 649 1005 esset
680 976 915 1019 ancepsque
954 965 1091 1007 terror
1130 963 1334 1007 Etruscos
1375 962 1552 1007 circum-

238 1030 382 1079 staret,
416 1030 459 1070 et
486 1025 640 1069 moenia
666 1041 829 1069 summa.
848 1026 891 1070 vi
919 1027 1153 1084 oppugnari
1186 1030 1229 1071 et
1258 1027 1370 1071 intra
1398 1027 1552 1071 moenia

237 1105 329 1134 esse
355 1090 520 1134 hostem
547 1089 750 1142 viderent,
773 1093 896 1147 porta
922 1105 982 1144 se,
1009 1107 1102 1148 quae
1128 1106 1213 1135 una
1232 1091 1343 1135 forte
1367 1105 1453 1135 non
1478 1091 1552 1136 ob-

173 1159 221 1197 12
238 1153 464 1209 sidebatur‚
496 1153 649 1211 trepidi
678 1169 763 1198 uno
794 1155 961 1212 agmine
991 1159 1163 1213 ejecere.
1225 1155 1386 1214 Magna
1417 1155 1551 1200 eaedes

174 1218 491 1277 13fugientium
521 1222 565 1262 et
590 1218 634 1261 in
664 1217 768 1262 urbe
795 1225 839 1263 et
869 1234 943 1276 per
971 1234 1093 1278 agros
1124 1222 1190 1264 est
1217 1219 1340 1264 facta.
1401 1219 1551 1264 Plures

237 1298 263 1326 a
298 1282 489 1326 Furianis
524 1282 637 1326 intra
669 1282 822 1326 moenia
855 1283 976 1327 caesi:
1018 1283 1232 1328 Valeriani
1271 1283 1551 1342 expeditiores

238 1346 291 1390 ad
318 1347 626 1404 persequendos
653 1346 771 1390 fuere
798 1362 875 1391 nec
902 1350 1000 1392 ante
1028 1352 1207 1401 noctem,
1237 1363 1330 1406 quae
1358 1363 1552 1405 conspec-

172 1415 330 1455 14tum
371 1409 538 1463 ademit,
580 1411 703 1455 finem
745 1411 930 1456 caedendi
968 1412 1116 1457 fecere.
1199 1413 1342 1456 Sutrio
1381 1415 1552 1470 recepto

239 1475 523 1533 restitutoque
552 1475 674 1520 sociis
704 1475 871 1533 Nepete
898 1477 1108 1521 exercitus
1137 1475 1302 1529 ductus,
1336 1475 1448 1535 quod
1478 1491 1553 1534 per

128 1541 224 1595 (10)
242 1538 496 1584 deditionem
517 1543 736 1597 acceptum
748 1539 835 1597 jam
855 1544 996 1584 totum
1012 1541 1185 1586 Etrusci
1206 1539 1427 1586 habebant.
1479 1541 1551 1585 Vi·

242 1602 422 1648 debatur
457 1603 552 1660 plus
587 1603 632 1647 in
666 1619 715 1647 ea
748 1603 853 1648 urbe
882 1604 1118 1662 recipienda
1151 1604 1303 1649 laboris
1334 1604 1436 1657 sore,
1467 1619 1554 1649 non

238 1668 284 1712 in
317 1682 367 1712 co
398 1667 534 1712 solum
565 1667 677 1726 quod
706 1671 800 1712 tota
827 1668 1014 1713 hostium
1045 1672 1148 1722 erat,
1179 1668 1254 1713 sed
1282 1668 1408 1713 etiam
1440 1668 1553 1727 quod

239 1736 358 1789 parte
393 1731 705 1789 Nepesinorum
740 1731 944 1790 prodente
974 1734 1188 1778 civitatem
1217 1733 1330 1777 sacta
1363 1737 1454 1777 erat
1484 1732 1553 1777 de-

200 1802 223 1839 2
241 1796 357 1841 ditio.
433 1796 556 1840 Mitti
590 1800 733 1840 tamen
773 1798 826 1841 ad
865 1797 1073 1856 principes
1107 1812 1251 1842 eorum
1291 1796 1461 1855 placuit,
1503 1801 1553 1841 ut

241 1865 504 1905 secernerent
526 1876 571 1905 se
592 1860 643 1905 ab
667 1861 861 1906 Etruscis
882 1861 1101 1920 fidemque,
1119 1876 1243 1919 quam
1258 1861 1553 1919 implorassent

200 1932 222 1968 3
241 1925 292 1970 ab
321 1925 535 1980 Romanis,
560 1925 639 1982 ipsi
670 1930 932 1983 praestarent.
994 1925 1119 1970 Unde
1148 1941 1277 1983 quum
1306 1940 1551 1983 responsum

241 1989 425 2034 adlatum
446 1994 557 2034 esset
577 1989 681 2033 nihil
702 2006 788 2035 suae
808 1991 1031 2050 potestatis
1052 2005 1156 2045 esse,
1176 1990 1381 2034 Etruscos
1402 1992 1554 2036 moenia

241 2053 537 2111 custodiasque
576 2060 794 2111 portarum
840 2059 997 2108 tenere,
1039 2055 1173 2112 primo
1214 2054 1553 2112 populationibus

240 2119 331 2177 agri
360 2122 496 2162 terror
526 2122 591 2162 est
627 2119 844 2176 oppidanis
879 2119 1098 2164 admotus:
1131 2117 1293 2172 deinde,
1330 2125 1552 2178 postquam

240 2182 464 2227 deditionis
493 2198 617 2240 quam
646 2184 863 2241 societatis
889 2183 993 2228 fides
1025 2184 1208 2228 sanctior
1235 2187 1338 2236 erat,
1369 2183 1553 2228 fascibus

239 2251 547 2292 sarmentorum
576 2262 629 2292 ex
659 2263 760 2305 agro
790 2248 953 2294 collatis
989 2247 1142 2294 ductus
1173 2246 1226 2292 ad
1255 2247 1407 2293 moenia
1435 2263 1554 2293 excr-
