1649 2452
537 84 647 125 LIB.
679 83 730 123 X.
762 85 931 122 31—33.
1329 86 1402 123 641

85 143 128 175 A.
145 142 183 173 C.
198 140 289 180 2944

82 188 170 228 tem
192 182 354 240 vigilias
373 179 625 238 perveniunt
644 194 653 222 :
684 177 911 236 improviso
938 177 1150 235 oppressis
1179 190 1258 222 nec
1279 178 1406 222 animi

82 248 186 293 satis
217 246 270 291 ad
300 243 583 289 resistendum
614 257 692 287 nec
727 243 878 286 virium
909 241 1017 286 fuit:
1061 241 1114 286 ab
1155 244 1277 300 tergo
1319 257 1402 286 cas-

82 316 244 357 trorum
267 309 499 355 decumana
525 311 649 366 porta
676 308 860 364 impetus
891 306 1043 360 factus,
1066 306 1210 364 itaque
1234 311 1405 364 captum

83 374 356 436 quaestorium
377 377 646 432 quaestorque
675 371 735 417 ibi
755 371 806 416 L.
830 371 1024 429 Opimius
1055 372 1195 416 Pansa
1216 372 1404 416 occisus:

8 500 10 502 Ι
83 441 388 488 conclamatum
418 438 517 484 inde
546 437 600 483 ad
632 453 759 482 arma.
822 437 983 482 Consul
1015 436 1207 482 tumultu
1241 437 1522 497 excitusfflss)

83 506 278 553 cohortes
307 504 411 549 duas
444 503 654 548 sociorum
681 502 899 546 Lucanam
928 502 1276 561 Suessanamque,
1315 517 1407 560 quae

85 570 284 629 proximae
312 568 422 613 sorte
450 570 584 620 erant,
608 567 721 611 tueri
747 566 994 624 praetorimn
1016 565 1152 624 jubet,
1173 566 1408 625 manipulos

84 635 298 694 legionum
332 631 554 690 principali
583 631 653 676 via
681 630 871 676 inducit:
904 630 1078 676 vixdum
1115 631 1218 676 satis
1254 631 1410 689 aptatis

85 699 211 744 armis
241 699 284 743 in
315 696 483 742 ordines
519 699 623 741 eunt
659 699 703 740 et
738 695 919 741 clamore
950 695 1085 754 magis
1122 711 1248 754 quam
1278 696 1409 740 oeulis

85 764 252 810 hostem
291 765 487 814 noscunt,
525 775 605 805 nec
646 765 830 818 quantus
870 776 1072 805 numerus
1113 761 1170 805 sit
1211 761 1407 804 aestimari

85 832 253 887 potest:
296 825 452 872 cedunt
483 825 619 883 primo
649 825 800 870 incerti
830 824 1012 869 fortunae
1043 840 1130 869 suae
1170 828 1214 869 et
1243 825 1407 869 hostem

85 893 316 938 introrsum
337 891 382 935 in
403 889 541 935 media
556 895 694 934 castra
709 889 934 947 accipiunt.
987 889 1094 934 Inde
1110 905 1241 948 quum
1263 889 1406 934 consul
1423 898 1445 932 ‘2

85 957 401 1008 vociferaretur,
426 953 644 1012 expulsine
674 958 795 998 extra
819 954 974 999 vallum
1004 958 1143 999 eastra.
1163 953 1312 999 deinde
1334 971 1408 998 sun

86 1020 374 1081 oppugnaturi
402 1022 557 1072 essent,
594 1018 797 1077 rogitans,
835 1019 1014 1064 clamore
1045 1019 1211 1064 sublato
1242 1020 1408 1064 connixi

86 1087 222 1146 primo
252 1084 472 1137 resistunt,
505 1082 657 1128 deinde
691 1083 881 1128 inferunt
910 1084 1061 1143 pedem
1092 1088 1332 1143 urgentque
1367 1092 1408 1129 et

86 1150 290 1210 impulsos
323 1147 454 1193 semel
492 1152 655 1193 terrore
691 1148 838 1193 eodem
879 1153 1012 1207 agunt
1054 1164 1137 1207 quo
1177 1154 1407 1208 coeperunt,

89 1215 307 1274 expellunt
342 1217 464 1258 extra
498 1218 665 1271 portam
696 1213 948 1272 vallumque.
1008 1214 1117 1259 Inde
1152 1230 1327 1273 pergere
1362 1222 1444 1260 ac3

87 1279 305 1340 persequi‚·
325 1278 423 1337 quia
451 1276 625 1322 turbida
651 1277 726 1322 lux
751 1282 912 1322 metum
939 1279 1051 1324 circa
1078 1279 1322 1324 insidiarum
1353 1280 1409 1324 fa-

89 1345 241 1399 ciebat,
263 1359 349 1388 non
369 1342 462 1387 ausi
481 1342 668 1387 liberatis
699 1343 850 1388 eastris
875 1344 1065 1389 contenti
1093 1350 1343 1402 receperunt
1364 1361 1410 1389 se

88 1410 204 1454 intra
226 1407 382 1452 vallum
402 1406 604 1451 trecentis
625 1407 756 1452 ferme
771 1407 958 1452 hostium
978 1409 1140 1454 occisis.
1202 1409 1409 1454 Romano-
1429 1423 1445 1460 ι,

88 1489 184 1519 rum
214 1472 413 1517 stationis
446 1471 589 1529 primae
628 1471 900 1530 vigiliumque
931 1476 975 1517 et
1005 1488 1149 1518 eorum
1190 1474 1263 1532 qui
1302 1475 1411 1519 circa

89 1537 364 1598 quaestorium
403 1535 595 1593 oppressi
634 1536 796 1594 periere
827 1537 879 1582 ad
920 1538 1180 1597 septingenti
1219 1539 1408 1597 triginta.

90 1604 269 1649 Animos
300 1599 398 1645 inde
430 1600 690 1645 Samnitibus
721 1617 807 1646 non
835 1602 980 1647 infelix
1009 1603 1182 1648 audacia
1208 1604 1339 1660 auxit,
1366 1608 1444 1651 et5

89 1684 175 1713 non
201 1665 327 1712 modo
354 1664 543 1723 proferre
574 1664 671 1710 inde
699 1671 840 1711 castra
866 1668 1106 1712 Romanum
1142 1667 1215 1713 sed
1250 1683 1304 1713 ne
1339 1684 1410 1727 pa-

90 1732 227 1778 bulari
258 1729 428 1789 quidem
466 1744 543 1787 per
583 1745 707 1788 agros
744 1746 844 1776 suos
874 1731 1172 1790 patiebantur:
1213 1736 1328 1777 retro
1367 1734 1411 1777 in

91 1800 289 1857 pacatum
321 1794 527 1838 Soranum
555 1809 704 1852 agrum
732 1795 1001 1853 pabulatores
1026 1797 1156 1841 ibant.
1218 1799 1408 1846 Quarum
1428 1811 1450 1845 o

92 1877 233 1908 rerum
274 1850 748 1906 fama—tumultuosior
788 1862 916 1905 etiam
958 1877 1085 1919 quam
1125 1877 1194 1907 res
1233 1867 1413 1908 erant—

91 1926 253 1986 perlata
272 1925 453 1969 Romam
474 1924 614 1982 coegit
639 1924 691 1969 L.
714 1925 982 1970 Postumium
1004 1927 1219 1972 consulem
1238 1927 1409 1973 vixdum

90 1990 276 2037 validum
307 1987 515 2046 proficisci
542 2003 595 2032 ex
625 1988 759 2035 urbe:
792 1991 909 2048 prius
937 1999 1080 2036 tamen
1110 2007 1234 2050 quam
1265 1993 1411 2047 exiret,

91 2054 296 2101 militibus
336 2051 476 2097 edicto
520 2052 667 2098 Soram
701 2056 835 2112 jussis
876 2056 1111 2112 convenire,
1150 2057 1241 2116 ipse
1281 2057 1410 2102 aedem

93 2120 310 2171 Victoriae,
333 2130 459 2175 quam
480 2117 610 2162 aedilis
638 2119 796 2165 curulis
826 2135 879 2166 ex
902 2120 1137 2167 multaticia
1156 2123 1333 2180 pecunia
1352 2123 1413 2166 fa·

93 2183 284 2231 ciendam
318 2185 554 2235 curaverat,
588 2181 825 2230 dedicavit:
866 2185 929 2230 ita
962 2185 1017 2230 ad
1047 2186 1278 2232 exercitum
1318 2202 1414 2246 pro-

94 2250 234 2296 fectus
254 2246 307 2292 ab
328 2245 434 2290 Sora
453 2246 498 2292 in
529 2247 746 2293 Samnium
777 2249 831 2295 ad
857 2254 997 2296 castra
1023 2251 1192 2312 collegae
1212 2253 1410 2311 perrexit.

156 2331 228 2362 ων.
242 2331 335 2361 But.
350 2332 375 2359 1.
713 2327 740 2362 1
760 2317 780 2361 t
