1649 2452
531 117 643 156 ΜΒ.
678 117 752 156 1x.
783 119 847 165 40,
871 118 932 156 41.
1330 115 1408 155 589

87 168 348 256 fio‘ssffi‘Jad
383 212 575 255 senatum
609 211 748 255 missis
777 211 923 256 consul
954 208 1246 268 praestantiore
1280 207 1407 252 etiam

87 292 214 335 quam
234 275 415 319 dictator
436 275 611 319 victoria
631 276 896 333 triumphans
924 275 1071 319 urbem
1099 279 1165 317 cst
1186 273 1378 317 invectus
1398 288 1408 316 :

87 342 191 400 quin
229 341 354 386 etiam
384 340 659 384 vdevictorum
702 341 950 386 Samnitium
992 341 1120 384 decus
1160 353 1315 397 magna
1355 353 1409 382 ex

87 409 209 464 parte
239 405 293 449 ad
321 405 484 463 legatos
515 405 564 449 P.
587 405 763 450 Decium
801 411 844 450 et
875 406 938 450 M.
961 404 1179 449 Valerium
1214 407 1280 447 est
1316 417 1408 446 ver-

85 485 192 523 sum,
226 484 331 528 quos
359 469 539 527 populus
567 470 768 527 proximis
797 469 976 514 comitiis
1005 468 1169 527 ingenti
1198 482 1407 512 consensu

83 533 299 580 consulem
323 534 501 578 alterum
522 533 702 578 alterum
723 538 945 592 praetorem
967 533 1205 578 declaravit.

140 598 273 643 Fabio
298 598 352 643 ob
382 599 550 656 egregie
580 598 858 656 perdomitam
887 599 1103 643 Etruriam
1134 594 1524 647 continuatur(41)

81 662 340 715 consulatus,
358 663 489 707 Decio
511 663 670 720 collega
691 663 829 707 datur.
890 663 1087 712 Valerius
1108 667 1264 720 praetor
1285 677 1404 720 quar·
1423 667 1447 703 2

80 730 175 772 tum
195 731 375 772 creatus.
440 726 645 771 Consules
666 727 813 785 partiti
834 728 1093 785 provincias:
1127 727 1302 771 Etruria
1322 727 1405 771 De-

81 791 158 844 cio,
194 791 411 836 Samnium
441 790 572 836 Fabio
604 792 756 836 evenit.
819 792 1044 836 Profectus
1085 790 1138 835 ad
1174 791 1403 835 Nuceriam
1423 797 1446 834 3

79 855 343 900 Alfaternam
385 859 478 899 tum
517 871 662 913 pacem
698 861 904 914 petentes,
940 855 1052 915 quod
1086 855 1153 899 uti
1185 870 1234 899 ea
1275 871 1404 913 quum

80 919 253 965 daretur
283 919 529 972 noluissent,
552 926 800 978 aspernatus
828 925 920 965 est:
953 919 1234 978 oppugnando
1260 919 1312 963 ad
1333 919 1405 964 de-

80 983 282 1029 ditionem
319 983 500 1043 subegit.
564 985 673 1029 Cum
712 985 971 1030 Samnitibus
1007 986 1095 1029 acie
1132 984 1400 1029 dimicatum:
1422 993 1449 1030 4

78 1049 194 1094 haud
213 1064 366 1108 magno
394 1049 621 1094 certamine
650 1049 793 1094 hostes
821 1050 936 1102 victi,
959 1065 1095 1107 neque
1125 1051 1218 1106 ejus
1250 1064 1402 1107 pugnae

78 1114 278 1158 memoria
297 1113 454 1157 tradita
474 1113 584 1158 foret
605 1114 646 1158 ni
677 1114 815 1158 Marsi
843 1129 892 1158 eo
920 1114 1100 1172 primum
1133 1112 1277 1171 proelio
1306 1128 1401 1158 cum

78 1178 282 1222 Romanis
320 1178 559 1223 bellassent.
624 1179 803 1237 Sequuti
841 1179 1082 1223 Marsorum
1125 1177 1398 1222 defectionem
1418 1186 1442 1222 5

77 1242 245 1301 Peligni
284 1243 459 1288 eandem
498 1243 711 1287 fortunam
752 1243 1004 1288 habuerunt.
1067 1243 1199 1287 Decio
1236 1257 1400 1301 quoque
1419 1250 1443 1288 6

78 1306 201 1351 alteri
221 1307 382 1352 consuli
404 1307 588 1352 secunda
602 1307 700 1352 belli
720 1308 892 1352 fortuna
907 1312 1022 1352 erat:
1056 1307 1402 1366 Tarquiniensem

78 1375 195 1416 metu
237 1372 461 1430 subegerat
501 1372 762 1416 frumentum
803 1373 1009 1417 exercitui
1047 1372 1234 1430 praebere
1270 1378 1400 1430 atque

77 1435 268 1480 inducias
304 1437 348 1480 in
378 1435 657 1494 quadraginta
688 1452 818 1480 annos
861 1443 1030 1494 petere:
1063 1436 1400 1481 Vulsiniensium

76 1499 249 1544 castella
269 1500 428 1558 aliquot
449 1501 491 1544 vi
512 1502 637 1558 cepit,
662 1501 851 1559 quaedam
872 1517 925 1545 ex
945 1501 1010 1545 his
1032 1500 1161 1545 diruit
1182 1516 1234 1545 ne
1256 1516 1399 1559 recep-

75 1564 217 1609 taculo
248 1565 442 1609 hostibus
473 1569 628 1618 essent,
656 1566 1074 1624 circumferendoque
1104 1566 1260 1623 passim
1291 1565 1399 1610 bello

75 1633 242 1673 tantum
273 1634 477 1673 terrorem
513 1631 579 1673 sui
608 1629 709 1674 fecit
744 1634 794 1674 ut
829 1645 983 1675 nomen
1013 1645 1138 1674 omne
1167 1630 1399 1675 Etruscum

75 1693 211 1739 foedus
232 1693 284 1738 ab
307 1694 479 1738 consule
510 1698 697 1751 peteret:
731 1710 779 1740 ac
800 1695 851 1740 de
880 1710 929 1740 co
958 1695 1125 1754 quidem
1146 1695 1252 1739 nihil
1272 1695 1402 1753 impe-

76 1762 251 1811 tratum,
274 1758 453 1803 induciae
476 1773 625 1803 annuae
654 1758 787 1803 datae:
821 1759 1076 1817 stipendium
1099 1759 1287 1804 exercitu
1313 1759 1402 1804 Ro-

73 1838 196 1867 mano
224 1823 276 1867 ab
303 1823 425 1867 hoste
450 1824 495 1866 in
522 1838 618 1868 eum
646 1838 802 1867 annum
831 1840 1002 1882 pensum
1037 1828 1080 1868 et
1106 1823 1216 1869 binae
1244 1824 1400 1870 tunicae

72 1888 118 1932 in
144 1887 316 1932 militem
341 1895 525 1932 exactae:
558 1903 608 1932 ea
635 1903 794 1933 merces
822 1888 1085 1934 induciarum
1114 1889 1208 1933 fuit.
1270 1889 1400 1933 Tran-
1417 1898 1439 1940 7

73 1951 222 2010 quillas
262 1967 332 1996 res
369 1952 455 2010 jam
497 1951 691 1997 Etruscis
733 1952 923 1997 turbavit
963 1953 1182 2011 repentina
1217 1953 1398 1998 defectio

73 2016 346 2069 Umbrorum,
379 2016 518 2075 gentis
550 2017 728 2075 integrae
758 2032 784 2061 a
813 2017 1000 2062 cladibus
1039 2017 1136 2062 belli
1171 2018 1252 2062 nisi
1285 2018 1398 2076 quod

72 2081 300 2125 transitum
336 2081 546 2125 exercitus
578 2096 678 2139 ager
709 2086 910 2126 senserat.
971 2081 1012 2126 Ii
1042 2082 1253 2126 concitata
1282 2083 1437 2130 omnis

67 2147 298 2202 Juventute
328 2160 406 2189 sua
441 2150 485 2190 et
522 2161 674 2203 magna
709 2152 829 2203 parte
863 2147 1143 2191 Etruscorum
1179 2145 1232 2191 ad
1264 2146 1398 2192 rebel-

73 2209 228 2254 lionem
248 2209 465 2267 compulsa
491 2213 659 2254 tantum
689 2211 919 2255 exercitum
950 2211 1150 2266 fecerant,
1171 2214 1221 2256 ut
1248 2211 1397 2256 relicto

71 2276 171 2337 post
190 2287 238 2324 se
256 2273 302 2324 in
321 2274 495 2324 Etruria
514 2274 648 2323 Decio
668 2273 723 2321 ad
742 2276 1067 2354 oppugnandam
1092 2275 1192 2324 inde
1215 2275 1398 2323 Romam
