1649 2452
595 97 709 137 LIB.
737 98 788 138 X.
820 100 884 147 23,
906 100 969 138 24.
1375 100 1453 141 629

129 152 224 185 A.c.
241 151 329 192 2⁹⁵]

128 194 252 240 dibus
279 192 465 251 collegiis
492 191 655 237 tribus:
688 195 901 250 postremo
930 208 975 238 se
1005 190 1178 238 tendere
1207 192 1310 239 nihil
1341 195 1455 241 ultra

127 274 254 318 quam
279 263 341 312 ut,
371 257 408 302 si
438 256 610 316 dignum
639 258 854 314 provincia
880 257 1095 314 ducerent,
1122 258 1167 302 in
1194 273 1285 302 eam
1314 260 1453 306 mitte-

126 326 249 368 rent:
280 323 325 368 in
354 326 526 368 senatus
557 321 730 367 arbitrio
761 338 807 367 se
831 322 963 367 fuisse
987 326 1033 367 et
1062 323 1107 367 in
1134 326 1347 380 potestate
1379 340 1454 382 po·

127 387 217 445 puli
255 387 463 432 futurum.
523 387 573 431 P.
602 386 761 431 Decius
803 392 975 432 senatus
1015 386 1211 445 injuriam
1251 389 1492 446 querebar-4

126 456 226 497 tur:
259 451 398 511 quoad
426 451 657 510 potuerint,
689 455 832 509 patres
863 451 1031 496 adnisos
1062 467 1115 496 ne
1145 451 1279 510 plebis
1310 453 1451 499 aditus

125 515 182 561 ad
214 531 390 575 magnos
431 517 610 562 honores
639 520 778 561 esset:
819 520 1044 574 postquam
1074 516 1166 574 ipsa
1195 517 1330 562 virtus
1361 533 1452 576 per·

125 581 274 626 vicerit
308 596 363 626 ne
397 580 443 626 in
482 580 568 625 ullo
608 595 762 639 genere
792 581 1010 626 hominum
1039 581 1290 626 inhonorata
1323 587 1450 637 esset,

125 646 256 704 quaeri
284 661 409 704 quem
436 644 490 690 ad
520 645 692 690 modum
718 645 840 690 irrita
866 645 953 690 sint
980 660 1066 690 non
1097 645 1298 705 suffragia
1327 647 1452 693 modo

125 709 268 768 populi
295 709 370 755 sed
399 710 576 755 arbitria
604 710 733 755 etiam
762 709 944 754 fortunae
974 714 1019 754 et
1048 710 1092 754 in
1120 725 1350 768 paucorum
1379 727 1451 770 po-

123 778 324 819 testatem
358 779 605 820 vertantur:
648 789 793 819 omnes
827 778 925 818 ante
960 790 1006 819 se
1046 775 1238 819 consules
1275 777 1450 822 sortitos

125 838 357 896 provincias
384 854 489 892 esse,
512 853 624 883 nunc
652 843 774 883 extra
799 843 958 883 sortem
982 838 1113 883 Fabio
1133 845 1327 885 senatum
1354 857 1451 899 pro-

124 903 301 948 vinciam
343 903 456 955 dare,
486 903 524 948 si
562 903 733 948 honoris
774 903 867 960 ejus
908 918 1046 955 causa,
1078 903 1140 948 ita
1179 920 1275 950 eum
1317 904 1368 950 de
1403 922 1450 951 se

122 967 258 1027 deque
285 984 332 1014 re
360 968 528 1026 publica
553 969 752 1013 meritum
779 984 872 1013 esse
899 972 949 1013 ut
976 969 1116 1014 faveat
1138 969 1192 1018 Q.
1214 969 1333 1016 Fabii
1359 971 1450 1030 glo-

122 1033 207 1086 riae,
250 1048 343 1092 quae
383 1032 508 1078 modo
547 1048 634 1078 non
672 1048 750 1077 sua
789 1033 1045 1078 contumelia
1091 1033 1336 1091 splendeat:
1379 1036 1450 1081 cui

124 1102 268 1142 autem
298 1097 473 1143 dubium
503 1113 608 1151 esse,
639 1097 713 1143 ubi
739 1113 871 1142 unum
900 1097 1057 1143 bellum
1086 1099 1142 1143 sit
1173 1114 1369 1157 asperum
1399 1116 1448 1146 ac

124 1161 300 1215 difficile,
333 1179 464 1220 quum
497 1162 542 1207 id
576 1162 698 1207 alteri
732 1166 854 1207 extra
888 1167 1046 1207 sortem
1077 1163 1313 1218 mandetur,
1344 1165 1443 1223 quin

123 1226 229 1272 alter
258 1227 406 1272 consul
434 1243 511 1286 pro
542 1242 851 1285 supervacaneo
882 1231 1011 1286 atque
1041 1227 1182 1273 inutili
1212 1229 1445 1275 habeatur?

125 1291 305 1337 Gloriari
339 1291 517 1338 Fabium
546 1293 673 1338 rebus
708 1292 754 1337 in
789 1292 967 1337 Etruria
995 1293 1153 1351 gestis:
1184 1293 1292 1339 velle
1321 1298 1365 1340 et
1396 1295 1444 1340 P.
1460 1303 1483 1341 5

123 1355 303 1401 Decium
328 1357 515 1416 gloriari,
545 1362 589 1402 et
616 1356 806 1412 forsitan,
834 1372 959 1415 quem
985 1357 1055 1401 ille
1082 1356 1281 1402 obrutum
1307 1358 1449 1418 ignem

122 1420 337 1479 reliquerit
357 1422 418 1466 ita
437 1411 487 1467 u't
513 1422 671 1466 totiens
699 1437 856 1466 novum
881 1437 938 1466 ex
957 1422 1184 1480 improviso
1205 1422 1445 1469 incendium

123 1483 256 1539 daret,
288 1501 385 1531 eum
415 1502 461 1531 se
491 1487 827 1532 exstincturum:
858 1490 1072 1545 postremo
1100 1503 1146 1532 se
1173 1487 1344 1546 collegae
1370 1488 1446 1534 ho·

122 1565 246 1595 nores
277 1551 531 1611 praemiaque
561 1567 859 1597 concessurum
893 1551 1146 1596 verecundia
1180 1553 1318 1598 aetatis
1353 1556 1448 1610 eJus

122 1616 521 1674 majestatisque—t
553 1632 682 1675 quum
710 1614 940 1674 periculum
969 1632 1098 1674 quum
1120 1616 1331 1662 dimicatio
1351 1633 1448 1676 pro-

122 1679 262 1737 posita
295 1680 365 1734 sit,
402 1696 538 1739 neque
574 1680 722 1725 cedere
757 1695 834 1724 sua
873 1688 1024 1738 sponte
1058 1696 1195 1739 neque
1229 1697 1448 1728 cessurum

122 1747 179 1799 et,
214 1744 252 1789 si
284 1745 389 1790 nihil
423 1745 536 1790 aliud
571 1761 625 1790 ex
655 1760 704 1790 eo
740 1745 967 1790 certamine
1002 1744 1162 1799 tulerit,
1194 1745 1298 1791 illud
1332 1750 1448 1793 certe

122 1807 309 1853 laturum
342 1809 565 1868 ut—quod
599 1809 743 1868 populi
783 1809 1078 1868 sit—populus
1115 1810 1264 1868 jubeat
1303 1812 1446 1870 potius

123 1888 249 1930 quam
279 1862 421 1932 pitres
451 1875 766 1933 gratificentur:
798 1874 948 1919 Jovem
979 1875 1187 1932 optimum
1217 1876 1444 1921 maximum

123 1936 307 1996 deosque
342 1939 598 1984 immortales
635 1955 680 1984 se
717 1939 877 1997 precari
912 1943 961 1983 ut
996 1940 1057 1983 ita
1092 1946 1250 1984 sortem
1284 1957 1446 2000 aequam

124 2003 202 2048 sibi
223 2018 319 2048 cum
340 2004 500 2062 collega
516 2004 629 2057 dent,
647 2004 684 2048 si
704 2003 878 2048 eandem
899 2004 1100 2048 virtutem
1116 2004 1445 2064 felicitatemque

124 2066 169 2112 in
194 2067 304 2113 bello
331 2068 661 2113 administrando
689 2067 828 2114 daturi
859 2068 971 2113 sint:
1004 2072 1119 2114 certe
1145 2073 1190 2114 et
1219 2068 1264 2114 id
1293 2073 1446 2115 natura

125 2147 292 2190 aequum
319 2133 510 2192 exemplo
537 2133 641 2178 utile
662 2148 754 2178 esse
774 2136 818 2178 et
838 2132 892 2177 ad
917 2133 1071 2178 famam
1091 2133 1236 2192 populi
1262 2134 1446 2181 Romani

127 2197 351 2253 pertinere,
385 2213 458 2243 eos
498 2198 691 2244 consules
731 2213 836 2251 esse,
879 2213 1054 2257 quorum
1095 2198 1298 2245 utrolibet
1337 2199 1446 2245 duce
1507 2248 1510 2251 ,

129 2260 282 2307 bellum
303 2263 530 2309 Etruscum
554 2263 643 2323 geri
671 2267 785 2309 recte
813 2262 959 2322 possit.
1017 2262 1176 2309 Fabius
1202 2263 1306 2310 nihil
1332 2262 1481 2311 aliud6
