1649 2452
564 74 674 115 LIB.
707 77 781 117 IX.
815 76 932 117 5-7-
1319 77 1392 115 541

80 128 125 159 a,
141 126 177 158 c.
193 126 283 166 31⁹.]

79 167 147 212 die
179 183 309 226 quum
337 169 517 224 juvenes
552 165 713 211 nobiles
748 167 869 212 missi
889 182 913 211 a
949 166 1097 225 Capua
1127 169 1178 211 ut
1211 167 1397 224 proficis-

79 237 222 277 centcs
243 231 296 276 ad
315 231 439 276 finem
460 231 719 289 Campanum
737 235 1092 289 prosequerentur
1107 231 1396 285 revertissent,

78 298 298 356 vocatique
331 297 377 341 in
411 297 570 341 curiam
609 297 982 354 percunctantibus
1021 297 1252 355 majoribus
1292 303 1397 343 natu

77 361 212 406 multo
242 360 323 406 sibi
351 360 581 405 niaeStiores
617 365 660 405 et
692 361 938 419 abjectiores
969 362 1096 419 animi
1125 362 1238 406 visos
1268 363 1411 406 rcser-‘
1479 382 1497 395 ν

77 430 185 481 rent,
218 425 321 470 adeo
357 424 484 470 silens
521 440 570 469 ac
603 440 733 483 prope
766 430 931 470 mutum
969 441 1120 484 agmen
1159 426 1394 479 incessisse,
1438 457 1442 471 1
1599 457 1609 490 l

77 494 218 535 tacere
248 489 431 534 indolem
461 488 574 533 illam
602 490 835 534 Romanam
867 490 1111 548 ablatosque
1142 505 1239 535 cum
1270 491 1396 535 armis
1424 482 1558 527 ΤΦ-Ψ
1579 486 1636 510 '⁸⁴

78 554 250 607 animos,
287 553 588 598 non-'reddere
628 554 804 598 salutem
847 569 935 598 non
974 554 1257 599 salutantibus
1297 555 1396 600 dare

78 634 324 677 responsum
355 634 440 663 non
470 619 631 663 hiscere
660 634 911 678 quemquam
943 635 1027 677 prae
1058 624 1178 664 metu
1207 620 1396 678 potuisse

77 687 289 743 tamquam
313 683 546 728 ferentibus
569 683 705 728 adhuc
734 671 968 729 cervicibus
991 687 1147 742 jugum
1176 684 1255 730 sub
1282 685 1397 743 quod

78 749 220 794 emissi
259 752 424 793 ess‘ent:
466 748 619 793 habere
662 749 870 793 Samnites
910 750 1129 794 victoriam
1167 764 1254 794 non
1292 765 1396 807 prae-

78 813 231 858 claram
266 813 401 858 solum
434 812 507 857 sed
537 814 663 857 etiam
694 818 954 871 perpetuam,
988 814 1148 871 cepisse
1182 814 1293 858 enim
1324 830 1395 859 eos

77 893 164 923 non
193 879 373 923 Romam
395 878 505 922 sicut
534 882 631 922 ante
662 878 816 931 Gallos,
848 878 1093 937 sed—quod
1120 879 1254 923 multo
1280 879 1396 924 belli-

78 944 217 988 cosius
238 943 657 988 suerit—Romanam
671 943 871 987 virtutem
892 943 1172 1001 ferociamque
1183 944 1394 998 2—Quum
1410 945 1480 997 (7)

77 1008 167 1054 haec
188 1007 429 1053 dicerentur
448 1007 776 1066 audirenturque
798 1011 841 1051 01
870 1007 1131 1065 deploratum
1164 1024 1279 1066 paene
1308 1009 1397 1053 Ro-

77 1088 247 1117 manum
274 1087 427 1116 nomen
455 1072 499 1115 in
525 1071 699 1116 concilio
728 1072 935 1116 sociorum
965 1072 1148 1116 fidelium
1179 1076 1305 1128 esset,
1333 1073 1395 1118 di-

77 1138 189 1182 citur
218 1136 383 1181 Offllius
420 1135 614 1180 Calavius
650 1136 748 1180 Ovii
782 1136 1088 1181 filius—clarus
1126 1152 1279 1195 genere
1312 1137 1393 1182 fac·
1600 1188 1602 1192 ,

76 1202 216 1259 tisque
246 1205 340 1246 tum
365 1201 493 1245 etiam
519 1205 644 1246 astate
674 1200 1064 1261 verendus—longe
1095 1201 1216 1246 aliter
1246 1217 1291 1246 se
1321 1194 1550 1256 hasti-fg:

76 1265 176 1312 bere
207 1281 296 1311 rem
326 1265 506 1310 dixisse:
539 1265 754 1310 silentium
783 1265 887 1309 illud
917 1265 1177 1310 obstinatum
1206 1266 1394 1325 fixosque
1642 1260 1649 1275 ⁴

76 1331 122 1376 in
149 1334 306 1376 terram
336 1329 479 1374 oculos
510 1334 554 1374 et
585 1330 733 1374 surdas
764 1329 817 1374 ad
848 1332 988 1374 omnia
1018 1330 1169 1375 solatia
1198 1346 1320 1375 aures
1351 1339 1394 1376 et

76 1395 279 1454 pudorem
313 1394 525 1439 intuendae
561 1394 666 1439 lucis
702 1395 918 1453 ingentem
959 1394 1110 1439 molem
1145 1396 1302 1439 irarum
1343 1411 1395 1440 ex

76 1461 162 1506 alto
183 1461 320 1505 animo
342 1460 490 1504 cientis
511 1459 665 1504 indicia
684 1475 775 1504 esse
785 1452 901 1515 εΓῖιῖ11
923 1459 1116 1505 Romana
1136 1475 1181 1504 se
1202 1460 1399 1518 ignorare

75 1526 245 1584 ingenia
278 1529 352 1569 aut
388 1523 602 1582 silentium
640 1523 744 1568 illud
788 1523 1046 1569 Samnitibus
1082 1524 1242 1570 flebiles
1277 1524 1395 1570 brevi

76 1590 278 1636 clamores
313 1589 582 1646 gemitusque
622 1589 920 1642 excitaturum,
956 1588 1239 1648 Caudinaeque
1280 1590 1393 1646 pacis

76 1655 289 1714 aliquanto
312 1653 571 1698 Samnitibus
593 1668 717 1710 quam
747 1653 951 1698 Romanis
979 1653 1211 1698 tristiorem
1239 1669 1394 1698 memo·
1426 1689 1434 1698 ,

74 1719 180 1764 riam
210 1719 324 1764 fore:
358 1718 511 1781 quippe
543 1733 641 1762 suos
673 1733 880 1776 quemque
910 1733 1054 1762 eorum
1086 1719 1246 1762 animos
1277 1718 1550 1768 habiaqafn*
1572 1742 1590 1764 1

74 1787 220 1829 turum
260 1783 516 1841 ubicumque
556 1783 824 1840 congressuri
863 1783 963 1836 sint,
1007 1782 1140 1828 saltus
1183 1753 1410 1828 Caudinosl

75 1864 162 1894 non
180 1848 335 1907 ubique
358 1846 618 1892 Samnitibus
640 1847 744 1892 fore.
909 1876 947 1890 s

133 1913 230 1958 Jam
255 1913 402 1958 Romae
430 1912 557 1956 etiam
588 1927 665 1955 sua
685 1911 850 1966 infamis
879 1911 1017 1957 clades
1047 1915 1169 1957 erat:
1203 1912 1394 1958 obsessos
1411 1922 1483 1960 2»

75 1979 256 2037 primum
291 1977 529 2031 audierunt,
561 1976 726 2020 tristior
765 1975 913 2022 deinde
954 1977 1241 2036 ignominiosae
1280 1981 1395 2036 pacis

75 2043 210 2102 magis
231 2057 356 2100 quam
376 2041 550 2100 periculi
569 2041 745 2085 nuntius
766 2041 865 2086 fuit.
913 2042 982 2086 Ad
997 2042 1149 2087 samam
1170 2042 1395 2088 obsidionis
1413 2051 1435 2087 3

75 2106 255 2153 dilectus
274 2105 420 2151 haberi
439 2109 603 2163 coeptus
624 2109 731 2159 erat,
751 2104 947 2150 dimissus
978 2106 1127 2152 deindc
1148 2107 1397 2152 auxiliorum

77 2175 302 2230 apparatus
332 2174 556 2229 postquam
588 2169 844 2214 deditionem
882 2174 970 2214 tam
999 2171 1109 2217 foede
1142 2171 1298 2217 factam
1331 2187 1399 2218 ac-

79 2238 293 2296 ceperunt,
315 2233 610 2294 extemploque
631 2234 720 2280 sine
740 2234 826 2279 ulla
845 2234 1017 2293 publica
1032 2237 1285 2284 auctoritate
1304 2251 1401 2284 con-
