1649 2452
612 130 724 170 LIB.
759 130 836 171 IX.
867 133 1039 173 43-45.
1405 131 1484 171 595

154 185 200 219 Δ.
217 184 254 218 c.
270 184 365 227 zos]

153 228 293 273 siones
307 227 464 272 faetae:
494 224 639 285 itaque
669 225 791 271 ambo
812 225 1006 271 consules
1025 225 1072 271 in
1099 223 1315 269 Samnium
1336 225 1479 270 missi:

152 307 284 350 quum
303 290 489 335 diversas
517 290 710 348 regiones
731 290 951 335 Tifernum
979 289 1227 334 Postumius
1248 290 1481 334 Bovianum

153 355 372 401 Minucius
394 352 601 413 petisset,
629 354 839 399 Postumii
869 355 986 413 prius
1017 354 1148 399 ductu
1180 353 1235 398 ad
1264 354 1481 399 Tifernum

152 429 404 480 pugnatum.
464 419 552 464 Alii
580 419 693 463 haud
715 419 840 464 dubie
863 419 1073 464 Samnites
1093 419 1229 464 victos
1261 434 1309 463 ae
1330 419 1481 477 viginti
1495 429 1518 466 6

151 485 282 530 miflia
301 485 518 530 hominum
540 488 663 542 capta
692 483 881 538 tradunt,
905 485 975 529 alii
1004 484 1148 529 Marte
1177 498 1297 542 aequo
1326 482 1481 528 disces-

151 566 246 595 sum
265 553 310 595 et
331 549 596 594 Postumium
620 553 782 593 metum
803 549 1070 594 simulantem
1098 553 1307 594 nocturno
1328 549 1479 594 itinere

148 614 255 660 clam
285 615 331 660 in
358 617 525 659 montes
554 613 695 672 copias
725 613 962 668 abduxisse,
985 614 1130 658 hostes
1160 616 1363 672 sequutos
1395 612 1479 658 duo

147 679 278 729 millia
307 678 406 724 inde
435 678 540 724 locis
570 678 745 723 munitis
776 681 820 724 et
854 679 968 737 ipsos
1002 677 1253 724 consedisse.
1318 678 1515 723 Consul?

146 748 197 788 ut
218 744 375 789 stativa
394 747 491 788 tuta
523 743 881 802 copiosaque-et
908 744 970 788 ita
996 743 1334 801 erant—petisse
1361 742 1477 787 vide·

147 812 278 862 retur,
300 812 527 866 postquam
548 813 592 851 et
613 807 885 853 munimentis
915 819 1054 853 castra
1080 807 1262 852 firmavit
1291 812 1334 852 et
1363 808 1478 852 omm'

148 878 355 932 apparatu
373 888 515 917 rerum
535 871 706 916 utilium
726 873 942 926 instruxit,
965 872 1114 917 relicto
1141 873 1260 916 firmo
1282 871 1476 930 praesidio

146 937 198 982 de
224 937 367 996 vigilia
396 937 524 982 tertia
551 951 633 995 qua
661 936 759 981 duci
788 937 977 994 proxime
1006 942 1149 995 potest
1178 936 1395 995 expeditas
1418 937 1476 982 le-

148 1002 295 1061 giones
326 1001 379 1046 ad
410 1001 612 1060 collegam
643 1005 687 1045 et
717 1001 857 1059 ipsum
888 1001 1088 1046 adversus
1119 1001 1221 1046 alios
1253 1001 1471 1047 sedentem

146 1066 280 1111 ducit.
341 1066 411 1111 Ibi
447 1071 619 1110 auctore
650 1066 872 1111 Postumio
903 1066 1121 1112 Minucius
1151 1081 1248 1111 eum
1278 1066 1509 1115 hostibuss

146 1133 270 1192 signa
289 1132 453 1177 confert
475 1136 531 1187 et,
553 1148 683 1191 quum
715 1148 869 1190 anceps
897 1133 1091 1191 proelium
1117 1133 1163 1177 in
1181 1132 1364 1178 multum
1392 1133 1475 1179 diei

142 1197 434 1255 processisset,
463 1200 558 1241 tum
590 1197 838 1242 Postumius
868 1197 1046 1256 integris
1077 1197 1313 1257 legionibus
1337 1197 1473 1243 defes-

143 1277 231 1306 sam
242 1262 331 1319 jam
351 1262 480 1306 aciem
504 1261 690 1306 hostium
711 1261 940 1321 improviso
962 1262 1143 1307 invadit:
1175 1263 1319 1322 itaque
1342 1279 1473 1322 quum

143 1325 350 1370 lassitudo
379 1341 427 1371 ac
453 1325 630 1371 vulnera
655 1326 800 1385 fugam
831 1342 999 1386 quoque
1027 1327 1343 1386 praepedissent,
1364 1328 1473 1373 occi-

143 1389 265 1434 dione
286 1390 415 1435 occisi
440 1390 600 1444 hostes,
624 1391 746 1450 signa
772 1407 908 1436 unum
929 1396 974 1437 et
1001 1392 1155 1451 viginti
1183 1397 1319 1451 capta,
1344 1397 1472 1450 atque

142 1454 240 1499 inde
273 1454 327 1498 ad
359 1459 499 1500 castra
529 1455 741 1500 Postumii
775 1460 1044 1513 perrectum:
1081 1457 1141 1501 ibi
1176 1456 1260 1502 duo
1290 1457 1471 1503 victores

142 1519 356 1564 exercitus
387 1519 626 1577 perculsum
654 1520 741 1578 jam
775 1521 887 1565 fama
915 1522 1080 1566 hostem
1119 1520 1257 1566 adorti
1286 1521 1471 1567 fundunt

142 1585 404 1643 fugantque:
437 1584 557 1643 signa
586 1584 784 1629 militaria
816 1601 889 1630 sex
918 1591 961 1631 et
990 1587 1143 1645 viginti
1174 1590 1297 1645 capta
1325 1594 1368 1631 et
1397 1587 1471 1632 im-

141 1653 314 1707 perator
345 1649 599 1692 Samnitium
631 1649 794 1694 Statius
827 1650 987 1696 Gellius
1017 1651 1225 1710 multique
1256 1651 1326 1696 alii
1361 1667 1471 1696 mor-

140 1713 246 1758 tales
268 1716 310 1758 et
329 1718 468 1758 castra
487 1717 668 1771 utraque
690 1718 838 1773 capta:
871 1720 915 1760 et
936 1715 1188 1769 Bovianum,
1212 1715 1284 1760 ubi
1299 1720 1470 1774 postero

141 1778 208 1823 die
243 1781 382 1836 coepta
415 1779 665 1836 oppugnari,
699 1779 817 1824 brevi
853 1780 1021 1838 capitur
1060 1796 1296 1840 magnaque
1337 1781 1468 1840 gloria

141 1857 281 1887 rerum
325 1845 541 1901 gestarum
582 1844 775 1888 consules
816 1845 1149 1903 triumpharunt.
1230 1845 1505 1900 Minucium9

140 1907 351 1952 consulem
375 1923 471 1951 cum
492 1907 666 1952 vulnere
691 1909 810 1968 gravi
831 1909 1010 1954 relatum
1031 1911 1075 1954 in
1096 1912 1234 1954 castra
1256 1913 1469 1956 mortuum

141 1972 309 2031 quidam
346 1977 540 2016 auctores
578 1977 677 2017 sunt
714 1979 757 2018 et
791 1974 855 2018 M.
891 1974 1086 2018 Fulvium
1122 1975 1166 2019 in
1198 1974 1335 2020 locum
1374 1979 1467 2033 ejus

139 2036 353 2082 consulem
385 2037 609 2082 suffectum
642 2044 684 2082 et
719 2038 771 2083 ab
797 2053 859 2092 co,
884 2055 1012 2098 quum
1041 2038 1094 2083 ad
1123 2040 1354 2084 exercitum
1382 2041 1468 2086 Mi-

139 2101 253 2146 nucii
268 2102 422 2146 missus
439 2106 564 2157 esset,
579 2101 815 2147 Bovianum
833 2108 1017 2163 captum.
1066 2103 1131 2149 Eo
1147 2119 1256 2149 anno
1273 2105 1378 2149 Sora
1390 2107 1466 2150 Ar-

142 2166 286 2224 pinum
312 2166 525 2213 Cesennia
544 2171 715 2226 recepta
735 2167 788 2214 ab
811 2169 1070 2214 Samnitibus
1088 2185 1098 2214 :
1128 2169 1329 2214 Herculis
1350 2185 1468 2230 mag-

140 2251 244 2282 uum
264 2237 533 2283 simulacrum
554 2238 601 2283 in
620 2237 830 2298 Capitolio
851 2241 1038 2299 positum
1058 2239 1393 2299 dedicatumque.

197 2303 248 2348 P.
270 2303 456 2363 Sulpicio
487 2303 735 2350 Saverrione
763 2305 814 2351 P.
837 2306 1082 2365 Sempronio
1114 2307 1255 2366 Sopho
1282 2306 1462 2352 consuli·
1475 2314 1579 2373 (45)

138 2365 217 2417 bus
248 2367 591 2416 Samnites-seu
621 2369 743 2413 finem
773 2383 849 2414 seu
877 2371 1117 2426 dilationem
1148 2371 1242 2422 belli
1269 2387 1460 2442 quaeren-
