1649 2452
131 111 207 148 556
458 111 501 149 T.
525 111 671 150 LIVII
706 110 1122 150 IIISTORIARUM
1242 162 1299 201 m.
1318 163 1353 193 c.
1373 163 1445 195 317.

128 202 258 246 fuisse
298 202 593 256 Alexandrum,
631 203 704 247 sed
753 204 968 248 clariorem
1016 207 1157 247 tamen
1199 219 1294 248 eum
1346 203 1448 248 facit

132 265 243 324 quod
274 281 384 311 unus
414 267 507 320 fuit,
539 267 650 325 quod
681 267 920 312 adolescens
951 269 995 312 in
1023 268 1279 312 incremento
1309 283 1450 311 rerum

133 330 318 374 nondum
349 330 521 375 alteram
552 331 765 374 fortunam
796 335 993 389 expertus
1023 330 1230 375 decessit:
1266 334 1316 374 ut
1348 331 1450 375 alios

132 409 253 452 reges
275 394 406 438 claros
436 393 645 452 ducesque
674 395 866 439 omittam
893 410 1044 453 magna
1071 394 1260 452 exempla
1279 406 1448 438 casuum

133 457 419 511 humanorum,
448 458 617 516 Cyrum,
648 474 771 516 quem
798 459 975 503 maxime
1005 459 1139 503 Graeci
1165 458 1357 503 laudibus
1385 473 1452 503 ce-

133 522 307 576 lebrant,
331 522 431 580 quid
457 523 538 566 nisi
557 522 683 580 longa
701 523 790 566 vita
817 523 926 567 sicut
953 523 1159 580 Magnum
1184 521 1307 566 modo
1328 523 1453 566 Pom-

134 587 273 644 peium
292 585 475 630 vertenti
503 585 681 642 praebuit
708 586 922 631 fortunae?
952 601 1189 630 recenseam
1217 588 1343 630 duces
1364 586 1452 630 Ro-

133 665 277 694 manos
307 665 384 694 nec
414 664 558 694 omnes
587 649 772 693 omnium
803 650 990 694 aetatium
1018 649 1091 693 sed
1121 650 1233 706 ipsos
1261 664 1332 693 eos
1358 664 1474 693 cum·

135 713 285 771 quibus
314 713 553 758 consulibus
585 717 658 757 aut
686 713 962 758 dictatoribus
990 713 1228 757 Alexandro
1257 713 1338 756 fuit
1367 712 1455 757 bel-

134 777 316 830 landum,
338 777 401 821 M.
429 777 640 821 Valerium
668 777 854 821 Corvum
882 778 928 821 C.
951 778 1157 821 Marcium
1188 777 1381 820 Rutilum
1404 776 1452 820 C.

136 841 364 899 Sulpicium
391 841 438 885 Τ.
462 841 669 885 Manlium
698 842 956 899 Torquatum
978 842 1032 889 Q.
1055 841 1283 885 Publilium
1313 840 1454 885 Philo-

135 920 230 949 nem
252 906 299 949 L.
322 905 535 963 Papirium
559 905 783 949 Cursorem
807 906 854 958 Q.
877 905 1054 949 Fabium
1082 905 1318 949 Maximum
1349 905 1454 948 duos

135 969 290 1013 Decios
320 969 372 1014 L.
396 969 668 1014 Volumnium
694 970 772 1014 Μ’.
797 969 997 1030 Curium:
1041 969 1234 1026 deinceps
1262 969 1455 1026 ingentes

136 1036 370 1091 sequuntur
389 1033 482 1087 viri,
506 1034 542 1077 si
562 1034 770 1078 Punicum
790 1034 981 1078 Romano
1002 1034 1285 1091 praevertisset
1301 1032 1456 1077 bellum

136 1097 355 1155 seniorque
394 1098 439 1142 in
477 1097 646 1142 Italiam
685 1098 949 1154 trajecisset:
997 1098 1146 1142 horum
1185 1098 1230 1141 in
1270 1096 1456 1154 quolibet

137 1177 265 1220 quum
294 1161 453 1206 indoles
481 1161 625 1206 eadem
655 1177 747 1219 quae
777 1162 821 1206 in
849 1161 1088 1206 Alexandro
1116 1165 1206 1205 erat
1237 1161 1363 1204 animi
1393 1161 1456 1204 in·

136 1226 342 1284 geniique,
375 1230 467 1270 tum
501 1226 719 1283 disciplina
757 1226 949 1271 militaris
985 1226 1072 1283 jam
1107 1225 1204 1270 inde
1239 1225 1290 1269 ab
1324 1225 1457 1269 initiis

137 1290 251 1334 urbis
291 1289 448 1334 tradita
477 1306 551 1348 per
586 1305 734 1334 manus
765 1290 809 1334 in
840 1290 942 1334 artis
984 1290 1196 1348 perpetuis
1237 1289 1457 1347 praeceptis

137 1353 338 1399 ordinatae
358 1353 527 1398 modum
547 1359 719 1398 venerat
739 1374 747 1398 ε
779 1354 841 1398 ita
860 1370 982 1410 reges
1009 1357 1226 1411 gesserant
1256 1353 1375 1406 bella,
1398 1353 1459 1397 ita

138 1418 287 1463 deinde
317 1422 533 1463 exactores
563 1434 710 1476 regum
742 1418 861 1462 Junji
889 1419 1142 1476 Valeriique,
1174 1418 1234 1462 ita
1265 1416 1458 1474 deinceps

138 1481 256 1526 Fabii
285 1483 476 1530 Quinctii
505 1483 699 1535 Cornelii,
729 1484 790 1526 ita
818 1482 972 1526 Furius
1002 1482 1214 1534 Camillus,
1245 1496 1365 1539 quem
1388 1483 1460 1538 ju-

138 1561 264 1591 venes
285 1547 315 1591 ii
337 1547 488 1605 quibus
510 1562 605 1591 eum
626 1546 866 1591 Alexandro
895 1545 1175 1590 dimicandum
1198 1550 1287 1590 erat
1318 1560 1458 1589 senem

103 1611 341 1655 4viderant.
403 1611 608 1655 Militaria
628 1626 754 1669 opera
773 1611 998 1669 pugnando
1021 1611 1193 1655 obeunti
1225 1608 1458 1654 Alexandro

140 1690 292 1719 —nam
333 1690 382 1720 ea
417 1690 585 1733 quoque
618 1675 730 1719 haud
759 1676 896 1719 minus
928 1675 1084 1720 clarum
1115 1691 1208 1719 eum
1241 1674 1460 1719 faciunt—

140 1740 335 1784 cessisset
357 1739 549 1783 videlicet
570 1739 615 1783 in
635 1739 721 1783 acie
743 1739 908 1783 oblatus
926 1755 999 1796 par
1015 1739 1200 1783 Manlius
1221 1738 1459 1796 Torquatus

141 1807 214 1847 aut
238 1803 429 1848 Valerius
452 1803 614 1847 Corvus
643 1803 828 1861 insignes
857 1807 954 1847 ante
984 1803 1138 1847 milites
1165 1817 1289 1860 quam
1317 1802 1457 1854 duces,

141 1867 365 1912 cessissent
393 1868 515 1912 Decii
543 1867 705 1912 devotis
736 1867 979 1924 corporibus
1008 1867 1051 1911 in
1080 1867 1244 1912 hostem
1274 1870 1457 1920 mentes,

141 1931 338 1976 cessisset
359 1932 553 1989 Papirius
573 1932 730 1975 Cursor
751 1931 820 1975 illo
842 1932 1026 1988 corporis
1047 1931 1195 1976 robore
1215 1930 1285 1974 illo
1307 1929 1457 1974 animi:

142 1996 279 2040 victus
308 2001 418 2040 esset
444 1995 626 2040 consiliis
651 1996 821 2053 juvenis
848 1996 1084 2040 unius—ne
1116 1995 1302 2053 singulos
1328 1993 1462 2037 nomi-

142 2063 469 2104 nem—senatus
497 2060 578 2114 ille,
600 2075 721 2117 quem
752 2060 824 2117 qui
854 2076 906 2104 ex
935 2059 1103 2117 regibus
1135 2062 1325 2103 constare
1355 2057 1460 2101 dixit

108 2129 253 2168 5unus
285 2140 425 2169 veram
459 2124 638 2181 speciem
671 2124 852 2168 Romani
887 2128 1057 2168 senatus
1092 2124 1215 2180 cepit.
1277 2121 1330 2166 Id
1361 2136 1461 2165 vcro

144 2192 234 2233 erat
255 2188 499 2246 periculum,
521 2204 574 2233 ne
601 2188 811 2232 sollertius
833 2204 956 2247 quam
978 2187 1151 2245 quilibet
1179 2202 1288 2231 unus
1316 2201 1369 2230 ex
1395 2185 1461 2229 his

145 2267 249 2311 quos
269 2252 478 2299 nominavi
508 2252 656 2299 castris
684 2252 823 2298 locum
852 2255 1034 2311 caperet,
1054 2253 1312 2298 commeatus
1338 2263 1463 2309 expc-
