<?xml version="1.0" encoding="UTF-8"?>
<!DOCTYPE html PUBLIC "-//W3C//DTD XHTML 1.0 Transitional//EN"
    "http://www.w3.org/TR/xhtml1/DTD/xhtml1-transitional.dtd">
<html xmlns="http://www.w3.org/1999/xhtml" xml:lang="en" lang="en">
 <head>
  <title>
</title>
<meta http-equiv="Content-Type" content="text/html;charset=utf-8" />
  <meta name='ocr-system' content='tesseract 3.04.00' />
  <meta name='ocr-capabilities' content='ocr_page ocr_carea ocr_par ocr_line ocrx_word'/>
</head>
<body>
  <div class='ocr_page' id='page_1' title='image "./historiarum00livyuoft_0236.png"; bbox 0 0 1649 2452; ppageno 0'>
   <div class='ocr_carea' id='block_1_1' title="bbox 194 109 1494 201">
    <p class='ocr_par' dir='ltr' id='par_1_1' title="bbox 194 109 1494 201">
     <span class='ocr_line' id='line_1_1' title="bbox 194 109 1494 201; baseline -0.002 -45"><span class='ocrx_word' id='word_1_1' title='bbox 194 117 272 156; x_wconf 82' lang='lat'>586</span> <span class='ocrx_word' id='word_1_2' title='bbox 515 115 561 155; x_wconf 92' lang='grc' dir='ltr'>Τ.</span> <span class='ocrx_word' id='word_1_3' title='bbox 591 114 741 155; x_wconf 85' lang='lat' dir='ltr'>LIVII</span> <span class='ocrx_word' id='word_1_4' title='bbox 772 109 1190 155; x_wconf 80' lang='lat' dir='ltr'><strong>HISTORIARUM</strong></span> <span class='ocrx_word' id='word_1_5' title='bbox 1308 166 1352 200; x_wconf 62' lang='lat' dir='ltr'><strong>m</strong></span> <span class='ocrx_word' id='word_1_6' title='bbox 1382 167 1408 199; x_wconf 69' lang='lat' dir='ltr'><strong>c</strong></span> <span class='ocrx_word' id='word_1_7' title='bbox 1435 162 1494 201; x_wconf 57' lang='lat'>3⁰⁸</span> 
     </span>
    </p>
   </div>
   <div class='ocr_carea' id='block_1_2' title="bbox 75 203 1526 2320">
    <p class='ocr_par' dir='ltr' id='par_1_2' title="bbox 75 203 1526 2320">
     <span class='ocr_line' id='line_1_2' title="bbox 191 203 1511 267; baseline 0 -15"><span class='ocrx_word' id='word_1_8' title='bbox 191 208 299 252; x_wconf 84' lang='lat' dir='ltr'>dixit</span> <span class='ocrx_word' id='word_1_9' title='bbox 317 227 327 252; x_wconf 72' lang='grc' dir='ltr'><strong>ε</strong></span> <span class='ocrx_word' id='word_1_10' title='bbox 359 210 486 266; x_wconf 66' lang='lat' dir='ltr'>fitque</span> <span class='ocrx_word' id='word_1_11' title='bbox 507 209 546 252; x_wconf 90' lang='lat' dir='ltr'>ei</span> <span class='ocrx_word' id='word_1_12' title='bbox 565 208 700 266; x_wconf 87' lang='lat' dir='ltr'>legem</span> <span class='ocrx_word' id='word_1_13' title='bbox 722 209 924 254; x_wconf 77' lang='lat' dir='ltr'>curiatam</span> <span class='ocrx_word' id='word_1_14' title='bbox 946 209 997 253; x_wconf 85' lang='lat' dir='ltr'>de</span> <span class='ocrx_word' id='word_1_15' title='bbox 1017 209 1191 267; x_wconf 86' lang='lat' dir='ltr'>imperio</span> <span class='ocrx_word' id='word_1_16' title='bbox 1211 203 1365 253; x_wconf 79' lang='lat' dir='ltr'>ferenti</span> <span class='ocrx_word' id='word_1_17' title='bbox 1390 209 1511 253; x_wconf 78' lang='lat' dir='ltr'>triste</span> 
     </span>
     <span class='ocr_line' id='line_1_3' title="bbox 191 267 1512 331; baseline 0.001 -15"><span class='ocrx_word' id='word_1_18' title='bbox 191 287 315 316; x_wconf 88' lang='lat' dir='ltr'>omen</span> <span class='ocrx_word' id='word_1_19' title='bbox 344 272 452 317; x_wconf 87' lang='lat' dir='ltr'>diem</span> <span class='ocrx_word' id='word_1_20' title='bbox 485 272 645 326; x_wconf 75' lang='lat' dir='ltr'>diffidit,</span> <span class='ocrx_word' id='word_1_21' title='bbox 679 273 791 331; x_wconf 91' lang='lat' dir='ltr'>quod</span> <span class='ocrx_word' id='word_1_22' title='bbox 821 267 976 317; x_wconf 80' lang='lat' dir='ltr'>Faucia</span> <span class='ocrx_word' id='word_1_23' title='bbox 1006 274 1122 317; x_wconf 82' lang='lat' dir='ltr'>curia</span> <span class='ocrx_word' id='word_1_24' title='bbox 1152 273 1234 317; x_wconf 85' lang='lat' dir='ltr'>fuit</span> <span class='ocrx_word' id='word_1_25' title='bbox 1293 273 1512 330; x_wconf 83' lang='lat' dir='ltr'>rincipinm</span> 
     </span>
     <span class='ocr_line' id='line_1_4' title="bbox 193 286 1509 394; baseline 0 -14"><span class='ocrx_word' id='word_1_26' title='bbox 193 335 355 381; x_wconf 84' lang='lat' dir='ltr'>duabus</span> <span class='ocrx_word' id='word_1_27' title='bbox 375 336 552 394; x_wconf 86' lang='lat' dir='ltr'>insignis</span> <span class='ocrx_word' id='word_1_28' title='bbox 580 336 767 382; x_wconf 86' lang='lat' dir='ltr'>cladibus</span> <span class='ocrx_word' id='word_1_29' title='bbox 789 341 922 394; x_wconf 80' lang='lat' dir='ltr'>eaptae</span> <span class='ocrx_word' id='word_1_30' title='bbox 949 337 1065 382; x_wconf 86' lang='lat' dir='ltr'>urbis</span> <span class='ocrx_word' id='word_1_31' title='bbox 1087 341 1130 381; x_wconf 89' lang='lat' dir='ltr'>et</span> <span class='ocrx_word' id='word_1_32' title='bbox 1159 286 1358 381; x_wconf 76' lang='lat' dir='ltr'>Caudinae</span> <span class='ocrx_word' id='word_1_33' title='bbox 1385 336 1509 394; x_wconf 83' lang='lat' dir='ltr'>pacis,</span> 
     </span>
     <span class='ocr_line' id='line_1_5' title="bbox 194 400 1511 458; baseline 0 -14"><span class='ocrx_word' id='word_1_34' title='bbox 194 400 306 458; x_wconf 90' lang='lat' dir='ltr'>quod</span> <span class='ocrx_word' id='word_1_35' title='bbox 339 405 520 458; x_wconf 87' lang='lat' dir='ltr'>utroque</span> <span class='ocrx_word' id='word_1_36' title='bbox 553 415 661 445; x_wconf 83' lang='lat' dir='ltr'>anno</span> <span class='ocrx_word' id='word_1_37' title='bbox 697 401 885 458; x_wconf 90' lang='lat' dir='ltr'>ejusdem</span> <span class='ocrx_word' id='word_1_38' title='bbox 920 402 1049 446; x_wconf 83' lang='lat' dir='ltr'>curiae</span> <span class='ocrx_word' id='word_1_39' title='bbox 1078 401 1217 445; x_wconf 85' lang='lat' dir='ltr'>fuerat</span> <span class='ocrx_word' id='word_1_40' title='bbox 1252 400 1511 458; x_wconf 87' lang='lat' dir='ltr'>principium.</span> 
     </span>
     <span class='ocr_line' id='line_1_6' title="bbox 128 463 1512 523; baseline -0.001 -15"><span class='ocrx_word' id='word_1_41' title='bbox 128 465 172 502; x_wconf 92' lang='lat' dir='ltr'>ll</span> <span class='ocrx_word' id='word_1_42' title='bbox 194 465 344 508; x_wconf 83' lang='lat' dir='ltr'>Macer</span> <span class='ocrx_word' id='word_1_43' title='bbox 373 465 563 508; x_wconf 88' lang='lat' dir='ltr'>Licinius</span> <span class='ocrx_word' id='word_1_44' title='bbox 593 465 721 509; x_wconf 86' lang='lat' dir='ltr'>tertia</span> <span class='ocrx_word' id='word_1_45' title='bbox 751 465 877 509; x_wconf 85' lang='lat' dir='ltr'>etiam</span> <span class='ocrx_word' id='word_1_46' title='bbox 908 465 1036 518; x_wconf 81' lang='lat' dir='ltr'>clade,</span> <span class='ocrx_word' id='word_1_47' title='bbox 1070 480 1163 523; x_wconf 86' lang='lat' dir='ltr'>quae</span> <span class='ocrx_word' id='word_1_48' title='bbox 1194 463 1246 508; x_wconf 87' lang='lat' dir='ltr'>ad</span> <span class='ocrx_word' id='word_1_49' title='bbox 1277 464 1512 509; x_wconf 82' lang='lat' dir='ltr'><strong>Cremeram</strong></span> 
     </span>
     <span class='ocr_line' id='line_1_7' title="bbox 75 526 1515 586; baseline -0.001 -12"><span class='ocrx_word' id='word_1_50' title='bbox 75 526 181 579; x_wconf 87' lang='lat'>(39)</span> <span class='ocrx_word' id='word_1_51' title='bbox 196 531 366 586; x_wconf 85' lang='lat' dir='ltr'>accepta</span> <span class='ocrx_word' id='word_1_52' title='bbox 393 532 470 581; x_wconf 87' lang='lat' dir='ltr'>est,</span> <span class='ocrx_word' id='word_1_53' title='bbox 501 528 817 573; x_wconf 80' lang='lat' dir='ltr'>abominandam</span> <span class='ocrx_word' id='word_1_54' title='bbox 842 542 933 573; x_wconf 85' lang='lat' dir='ltr'>eam</span> <span class='ocrx_word' id='word_1_55' title='bbox 960 529 1118 574; x_wconf 88' lang='lat' dir='ltr'>curiam</span> <span class='ocrx_word' id='word_1_56' title='bbox 1145 528 1259 573; x_wconf 53' lang='lat' dir='ltr'>facit».</span> <span class='ocrx_word' id='word_1_57' title='bbox 1320 528 1515 572; x_wconf 80' lang='lat' dir='ltr'>Dictator</span> 
     </span>
     <span class='ocr_line' id='line_1_8' title="bbox 194 591 1516 651; baseline 0 -14"><span class='ocrx_word' id='word_1_58' title='bbox 194 597 362 651; x_wconf 83' lang='lat' dir='ltr'>postero</span> <span class='ocrx_word' id='word_1_59' title='bbox 384 593 450 636; x_wconf 93' lang='lat' dir='ltr'>die</span> <span class='ocrx_word' id='word_1_60' title='bbox 479 592 673 649; x_wconf 82' lang='lat' dir='ltr'>auspiciis</span> <span class='ocrx_word' id='word_1_61' title='bbox 701 593 891 651; x_wconf 86' lang='lat' dir='ltr'>repetitis</span> <span class='ocrx_word' id='word_1_62' title='bbox 915 593 1088 651; x_wconf 87' lang='lat' dir='ltr'>pertulit</span> <span class='ocrx_word' id='word_1_63' title='bbox 1116 592 1263 650; x_wconf 89' lang='lat' dir='ltr'>legem,</span> <span class='ocrx_word' id='word_1_64' title='bbox 1284 595 1328 636; x_wconf 92' lang='lat' dir='ltr'>et</span> <span class='ocrx_word' id='word_1_65' title='bbox 1353 591 1516 650; x_wconf 80' lang='lat' dir='ltr'>profec-</span> 
     </span>
     <span class='ocr_line' id='line_1_9' title="bbox 192 655 1517 714; baseline -0.001 -13"><span class='ocrx_word' id='word_1_66' title='bbox 192 661 263 701; x_wconf 90' lang='lat' dir='ltr'>tus</span> <span class='ocrx_word' id='word_1_67' title='bbox 291 672 386 701; x_wconf 90' lang='lat' dir='ltr'>cum</span> <span class='ocrx_word' id='word_1_68' title='bbox 417 655 650 714; x_wconf 80' lang='lat' dir='ltr'>legionibus</span> <span class='ocrx_word' id='word_1_69' title='bbox 681 656 735 701; x_wconf 87' lang='lat' dir='ltr'>ad</span> <span class='ocrx_word' id='word_1_70' title='bbox 763 661 967 701; x_wconf 88' lang='lat' dir='ltr'>terrorem</span> <span class='ocrx_word' id='word_1_71' title='bbox 997 656 1183 700; x_wconf 85' lang='lat' dir='ltr'>traducti</span> <span class='ocrx_word' id='word_1_72' title='bbox 1213 656 1359 700; x_wconf 79' lang='lat' dir='ltr'>silvam</span> <span class='ocrx_word' id='word_1_73' title='bbox 1389 655 1517 700; x_wconf 86' lang='lat' dir='ltr'>Cimi-</span> 
     </span>
     <span class='ocr_line' id='line_1_10' title="bbox 193 719 1516 779; baseline -0.001 -15"><span class='ocrx_word' id='word_1_74' title='bbox 193 722 304 765; x_wconf 87' lang='lat' dir='ltr'>niam</span> <span class='ocrx_word' id='word_1_75' title='bbox 340 721 549 765; x_wconf 79' lang='lat' dir='ltr'>exercitus</span> <span class='ocrx_word' id='word_1_76' title='bbox 584 736 718 778; x_wconf 83' lang='lat' dir='ltr'>nuper</span> <span class='ocrx_word' id='word_1_77' title='bbox 754 721 921 778; x_wconf 84' lang='lat' dir='ltr'>scriptis</span> <span class='ocrx_word' id='word_1_78' title='bbox 963 721 1015 764; x_wconf 86' lang='lat' dir='ltr'>ad</span> <span class='ocrx_word' id='word_1_79' title='bbox 1049 719 1287 779; x_wconf 85' lang='lat' dir='ltr'>Longulam</span> <span class='ocrx_word' id='word_1_80' title='bbox 1326 719 1516 777; x_wconf 82' lang='lat' dir='ltr'>pervenit</span> 
     </span>
     <span class='ocr_line' id='line_1_11' title="bbox 194 781 1517 843; baseline -0.001 -14"><span class='ocrx_word' id='word_1_81' title='bbox 194 785 460 843; x_wconf 83' lang='lat' dir='ltr'>acceptisque</span> <span class='ocrx_word' id='word_1_82' title='bbox 500 801 526 829; x_wconf 88' lang='lat' dir='ltr'>a</span> <span class='ocrx_word' id='word_1_83' title='bbox 563 785 727 830; x_wconf 89' lang='lat' dir='ltr'>Marcio</span> <span class='ocrx_word' id='word_1_84' title='bbox 768 785 938 829; x_wconf 86' lang='lat' dir='ltr'>consule</span> <span class='ocrx_word' id='word_1_85' title='bbox 978 784 1191 829; x_wconf 86' lang='lat' dir='ltr'>veteribus</span> <span class='ocrx_word' id='word_1_86' title='bbox 1231 783 1434 828; x_wconf 83' lang='lat' dir='ltr'>militibus</span> <span class='ocrx_word' id='word_1_87' title='bbox 1472 781 1517 828; x_wconf 88' lang='lat' dir='ltr'>in</span> 
     </span>
     <span class='ocr_line' id='line_1_12' title="bbox 154 848 1518 907; baseline -0.001 -14"><span class='ocrx_word' id='word_1_88' title='bbox 154 857 178 894; x_wconf 85' lang='lat'>2</span> <span class='ocrx_word' id='word_1_89' title='bbox 195 850 325 894; x_wconf 86' lang='lat' dir='ltr'>aciem</span> <span class='ocrx_word' id='word_1_90' title='bbox 356 849 496 907; x_wconf 87' lang='lat' dir='ltr'>copias</span> <span class='ocrx_word' id='word_1_91' title='bbox 527 848 685 894; x_wconf 86' lang='lat' dir='ltr'>eduxit.</span> <span class='ocrx_word' id='word_1_92' title='bbox 747 849 841 894; x_wconf 90' lang='lat' dir='ltr'>Nec</span> <span class='ocrx_word' id='word_1_93' title='bbox 869 850 1012 894; x_wconf 86' lang='lat' dir='ltr'>hostes</span> <span class='ocrx_word' id='word_1_94' title='bbox 1044 848 1280 894; x_wconf 85' lang='lat' dir='ltr'>detractare</span> <span class='ocrx_word' id='word_1_95' title='bbox 1306 848 1386 892; x_wconf 82' lang='lat' dir='ltr'>visi</span> <span class='ocrx_word' id='word_1_96' title='bbox 1411 858 1518 906; x_wconf 67' lang='grc' dir='ltr'>ρης·</span> 
     </span>
     <span class='ocr_line' id='line_1_13' title="bbox 195 911 1517 971; baseline -0.002 -13"><span class='ocrx_word' id='word_1_97' title='bbox 195 929 316 958; x_wconf 86' lang='lat' dir='ltr'>nam:</span> <span class='ocrx_word' id='word_1_98' title='bbox 349 914 582 958; x_wconf 87' lang='lat' dir='ltr'>instructos</span> <span class='ocrx_word' id='word_1_99' title='bbox 614 912 764 958; x_wconf 89' lang='lat' dir='ltr'>deinde</span> <span class='ocrx_word' id='word_1_100' title='bbox 794 918 1075 971; x_wconf 83' lang='lat' dir='ltr'>armatosque,</span> <span class='ocrx_word' id='word_1_101' title='bbox 1109 928 1237 971; x_wconf 89' lang='lat' dir='ltr'>quum</span> <span class='ocrx_word' id='word_1_102' title='bbox 1269 912 1320 971; x_wconf 85' lang='lat' dir='ltr'>ab</span> <span class='ocrx_word' id='word_1_103' title='bbox 1355 911 1517 956; x_wconf 82' lang='lat' dir='ltr'>neutris</span> 
     </span>
     <span class='ocr_line' id='line_1_14' title="bbox 197 975 1519 1036; baseline -0.002 -14"><span class='ocrx_word' id='word_1_104' title='bbox 197 977 391 1036; x_wconf 86' lang='lat' dir='ltr'>proelium</span> <span class='ocrx_word' id='word_1_105' title='bbox 431 977 648 1035; x_wconf 84' lang='lat' dir='ltr'>inciperet,</span> <span class='ocrx_word' id='word_1_106' title='bbox 690 993 776 1022; x_wconf 82' lang='lat' dir='ltr'>nox</span> <span class='ocrx_word' id='word_1_107' title='bbox 815 978 1049 1035; x_wconf 85' lang='lat' dir='ltr'>oppressit:</span> <span class='ocrx_word' id='word_1_108' title='bbox 1093 977 1226 1035; x_wconf 88' lang='lat' dir='ltr'>quieti</span> <span class='ocrx_word' id='word_1_109' title='bbox 1265 975 1519 1034; x_wconf 82' lang='lat' dir='ltr'>aliquamdiu</span> 
     </span>
     <span class='ocr_line' id='line_1_15' title="bbox 196 1041 1519 1097; baseline -0.002 -11"><span class='ocrx_word' id='word_1_110' title='bbox 196 1057 275 1086; x_wconf 89' lang='lat' dir='ltr'>nec</span> <span class='ocrx_word' id='word_1_111' title='bbox 296 1042 385 1086; x_wconf 88' lang='lat' dir='ltr'>suis</span> <span class='ocrx_word' id='word_1_112' title='bbox 414 1041 648 1086; x_wconf 88' lang='lat' dir='ltr'>diffidentes</span> <span class='ocrx_word' id='word_1_113' title='bbox 677 1041 837 1086; x_wconf 79' lang='lat' dir='ltr'>viribus</span> <span class='ocrx_word' id='word_1_114' title='bbox 864 1057 943 1086; x_wconf 88' lang='lat' dir='ltr'>nec</span> <span class='ocrx_word' id='word_1_115' title='bbox 967 1041 1134 1085; x_wconf 88' lang='lat' dir='ltr'>hostem</span> <span class='ocrx_word' id='word_1_116' title='bbox 1162 1044 1406 1097; x_wconf 87' lang='lat' dir='ltr'>spernentes</span> <span class='ocrx_word' id='word_1_117' title='bbox 1434 1042 1519 1084; x_wconf 68' lang='lat' dir='ltr'>sta-2</span> 
     </span>
     <span class='ocr_line' id='line_1_16' title="bbox 156 1102 1520 1163; baseline -0.001 -14"><span class='ocrx_word' id='word_1_118' title='bbox 156 1106 284 1150; x_wconf 82' lang='lat' dir='ltr'>3tiva</span> <span class='ocrx_word' id='word_1_119' title='bbox 317 1106 363 1150; x_wconf 90' lang='lat' dir='ltr'>in</span> <span class='ocrx_word' id='word_1_120' title='bbox 397 1105 632 1163; x_wconf 90' lang='lat' dir='ltr'>propinquo</span> <span class='ocrx_word' id='word_1_121' title='bbox 668 1105 1046 1150; x_wconf 70' lang='lat' dir='ltr'>habuere—Inter</span> <span class='ocrx_word' id='word_1_122' title='bbox 1082 1119 1131 1149; x_wconf 86' lang='lat' dir='ltr'>ea</span> <span class='ocrx_word' id='word_1_123' title='bbox 1165 1120 1231 1148; x_wconf 86' lang='lat' dir='ltr'>res</span> <span class='ocrx_word' id='word_1_124' title='bbox 1266 1104 1311 1148; x_wconf 88' lang='lat' dir='ltr'>in</span> <span class='ocrx_word' id='word_1_125' title='bbox 1344 1102 1520 1148; x_wconf 81' lang='lat' dir='ltr'>Etruria</span> 
     </span>
     <span class='ocr_line' id='line_1_17' title="bbox 195 1167 1520 1228; baseline -0.003 -14"><span class='ocrx_word' id='word_1_126' title='bbox 195 1173 353 1228; x_wconf 85' lang='lat' dir='ltr'>gestae:</span> <span class='ocrx_word' id='word_1_127' title='bbox 386 1185 483 1213; x_wconf 82' lang='lat' dir='ltr'>nam</span> <span class='ocrx_word' id='word_1_128' title='bbox 519 1173 563 1213; x_wconf 88' lang='lat' dir='ltr'>et</span> <span class='ocrx_word' id='word_1_129' title='bbox 597 1183 692 1214; x_wconf 90' lang='lat' dir='ltr'>cum</span> <span class='ocrx_word' id='word_1_130' title='bbox 729 1168 988 1214; x_wconf 89' lang='lat' dir='ltr'>Umbrorum</span> <span class='ocrx_word' id='word_1_131' title='bbox 1025 1169 1213 1213; x_wconf 80' lang='lat' dir='ltr'>exercitu</span> <span class='ocrx_word' id='word_1_132' title='bbox 1243 1167 1330 1212; x_wconf 87' lang='lat' dir='ltr'>acie</span> <span class='ocrx_word' id='word_1_133' title='bbox 1361 1167 1520 1225; x_wconf 88' lang='lat' dir='ltr'>depug-</span> 
     </span>
     <span class='ocr_line' id='line_1_18' title="bbox 195 1231 1521 1292; baseline -0.002 -14"><span class='ocrx_word' id='word_1_134' title='bbox 195 1237 343 1279; x_wconf 82' lang='lat' dir='ltr'>natum</span> <span class='ocrx_word' id='word_1_135' title='bbox 374 1233 587 1278; x_wconf 85' lang='lat' dir='ltr'>est—fusi</span> <span class='ocrx_word' id='word_1_136' title='bbox 616 1237 759 1277; x_wconf 88' lang='lat' dir='ltr'>tamen</span> <span class='ocrx_word' id='word_1_137' title='bbox 787 1234 921 1292; x_wconf 84' lang='lat' dir='ltr'>magis</span> <span class='ocrx_word' id='word_1_138' title='bbox 954 1248 1078 1291; x_wconf 82' lang='lat' dir='ltr'>quain</span> <span class='ocrx_word' id='word_1_139' title='bbox 1109 1234 1205 1277; x_wconf 89' lang='lat' dir='ltr'>caesi</span> <span class='ocrx_word' id='word_1_140' title='bbox 1233 1232 1392 1284; x_wconf 87' lang='lat' dir='ltr'>hostes,</span> <span class='ocrx_word' id='word_1_141' title='bbox 1423 1231 1521 1288; x_wconf 82' lang='lat' dir='ltr'>quia</span> 
     </span>
     <span class='ocr_line' id='line_1_19' title="bbox 196 1294 1519 1357; baseline -0.002 -15"><span class='ocrx_word' id='word_1_142' title='bbox 196 1303 375 1357; x_wconf 86' lang='lat' dir='ltr'>coeptam</span> <span class='ocrx_word' id='word_1_143' title='bbox 405 1298 556 1342; x_wconf 87' lang='lat' dir='ltr'>acriter</span> <span class='ocrx_word' id='word_1_144' title='bbox 582 1313 668 1342; x_wconf 91' lang='lat' dir='ltr'>non</span> <span class='ocrx_word' id='word_1_145' title='bbox 695 1298 930 1342; x_wconf 69' lang='lat' dir='ltr'>tolerarunt</span> <span class='ocrx_word' id='word_1_146' title='bbox 958 1312 1215 1356; x_wconf 83' lang='lat' dir='ltr'>pugnam—,</span> <span class='ocrx_word' id='word_1_147' title='bbox 1236 1299 1279 1341; x_wconf 88' lang='lat' dir='ltr'>et</span> <span class='ocrx_word' id='word_1_148' title='bbox 1307 1295 1360 1340; x_wconf 86' lang='lat' dir='ltr'>ad</span> <span class='ocrx_word' id='word_1_149' title='bbox 1388 1294 1519 1339; x_wconf 78' lang='lat' dir='ltr'>Vadi-</span> 
     </span>
     <span class='ocr_line' id='line_1_20' title="bbox 198 1360 1520 1419; baseline -0.002 -13"><span class='ocrx_word' id='word_1_150' title='bbox 198 1363 333 1407; x_wconf 86' lang='lat' dir='ltr'>monis</span> <span class='ocrx_word' id='word_1_151' title='bbox 354 1362 490 1406; x_wconf 87' lang='lat' dir='ltr'>lacum</span> <span class='ocrx_word' id='word_1_152' title='bbox 511 1362 683 1406; x_wconf 86' lang='lat' dir='ltr'>Etrusci</span> <span class='ocrx_word' id='word_1_153' title='bbox 705 1361 796 1419; x_wconf 81' lang='lat' dir='ltr'>lege</span> <span class='ocrx_word' id='word_1_154' title='bbox 818 1365 981 1406; x_wconf 87' lang='lat' dir='ltr'>sacrata</span> <span class='ocrx_word' id='word_1_155' title='bbox 1002 1365 1146 1406; x_wconf 82' lang='lat' dir='ltr'>coacto</span> <span class='ocrx_word' id='word_1_156' title='bbox 1167 1360 1367 1415; x_wconf 80' lang='lat' dir='ltr'>exercitu,</span> <span class='ocrx_word' id='word_1_157' title='bbox 1391 1374 1520 1418; x_wconf 89' lang='lat' dir='ltr'>quum</span> 
     </span>
     <span class='ocr_line' id='line_1_21' title="bbox 198 1422 1522 1484; baseline -0.003 -13"><span class='ocrx_word' id='word_1_158' title='bbox 198 1427 263 1471; x_wconf 86' lang='lat' dir='ltr'>vir</span> <span class='ocrx_word' id='word_1_159' title='bbox 294 1426 429 1470; x_wconf 85' lang='lat' dir='ltr'>virum</span> <span class='ocrx_word' id='word_1_160' title='bbox 462 1426 648 1484; x_wconf 86' lang='lat' dir='ltr'>legisset,</span> <span class='ocrx_word' id='word_1_161' title='bbox 681 1425 848 1483; x_wconf 87' lang='lat' dir='ltr'>quantis</span> <span class='ocrx_word' id='word_1_162' title='bbox 879 1441 1107 1484; x_wconf 85' lang='lat' dir='ltr'>numquam</span> <span class='ocrx_word' id='word_1_163' title='bbox 1137 1425 1238 1469; x_wconf 83' lang='lat' dir='ltr'>alias</span> <span class='ocrx_word' id='word_1_164' title='bbox 1269 1425 1366 1468; x_wconf 81' lang='lat' dir='ltr'>ante</span> <span class='ocrx_word' id='word_1_165' title='bbox 1397 1422 1522 1468; x_wconf 89' lang='lat' dir='ltr'>simul</span> 
     </span>
     <span class='ocr_line' id='line_1_22' title="bbox 198 1489 1522 1548; baseline -0.002 -13"><span class='ocrx_word' id='word_1_166' title='bbox 198 1491 328 1548; x_wconf 88' lang='lat' dir='ltr'>copiis</span> <span class='ocrx_word' id='word_1_167' title='bbox 364 1490 487 1534; x_wconf 89' lang='lat' dir='ltr'>simul</span> <span class='ocrx_word' id='word_1_168' title='bbox 519 1490 665 1533; x_wconf 82' lang='lat' dir='ltr'>animis</span> <span class='ocrx_word' id='word_1_169' title='bbox 701 1489 979 1533; x_wconf 64' lang='lat' dir='ltr'>dimicarunt:</span> <span class='ocrx_word' id='word_1_170' title='bbox 1012 1493 1216 1547; x_wconf 86' lang='lat' dir='ltr'>tantoque</span> <span class='ocrx_word' id='word_1_171' title='bbox 1246 1489 1403 1532; x_wconf 87' lang='lat' dir='ltr'>irarum</span> <span class='ocrx_word' id='word_1_172' title='bbox 1433 1502 1522 1532; x_wconf 89' lang='lat' dir='ltr'>cer-</span> 
     </span>
     <span class='ocr_line' id='line_1_23' title="bbox 197 1551 1522 1612; baseline -0.002 -13"><span class='ocrx_word' id='word_1_173' title='bbox 197 1555 357 1600; x_wconf 86' lang='lat' dir='ltr'>tamine</span> <span class='ocrx_word' id='word_1_174' title='bbox 387 1558 508 1612; x_wconf 87' lang='lat' dir='ltr'>gesta</span> <span class='ocrx_word' id='word_1_175' title='bbox 538 1569 605 1598; x_wconf 87' lang='lat' dir='ltr'>rcs</span> <span class='ocrx_word' id='word_1_176' title='bbox 636 1557 701 1598; x_wconf 86' lang='lat' dir='ltr'>cst</span> <span class='ocrx_word' id='word_1_177' title='bbox 736 1558 786 1597; x_wconf 92' lang='lat' dir='ltr'>ut</span> <span class='ocrx_word' id='word_1_178' title='bbox 821 1553 873 1598; x_wconf 84' lang='lat' dir='ltr'>ab</span> <span class='ocrx_word' id='word_1_179' title='bbox 908 1557 1060 1598; x_wconf 85' lang='lat' dir='ltr'>neutra</span> <span class='ocrx_word' id='word_1_180' title='bbox 1095 1557 1215 1611; x_wconf 84' lang='lat' dir='ltr'>parte</span> <span class='ocrx_word' id='word_1_181' title='bbox 1250 1552 1403 1597; x_wconf 84' lang='lat' dir='ltr'>emissa</span> <span class='ocrx_word' id='word_1_182' title='bbox 1436 1551 1522 1596; x_wconf 76' lang='lat' dir='ltr'>sint</span> 
     </span>
     <span class='ocr_line' id='line_1_24' title="bbox 199 1615 1522 1677; baseline -0.002 -14"><span class='ocrx_word' id='word_1_183' title='bbox 199 1617 310 1664; x_wconf 87' lang='lat' dir='ltr'>tela:</span> <span class='ocrx_word' id='word_1_184' title='bbox 343 1618 491 1677; x_wconf 84' lang='lat' dir='ltr'>gladiis</span> <span class='ocrx_word' id='word_1_185' title='bbox 528 1633 670 1676; x_wconf 84' lang='lat' dir='ltr'>pugna</span> <span class='ocrx_word' id='word_1_186' title='bbox 700 1618 826 1675; x_wconf 85' lang='lat' dir='ltr'>coepit</span> <span class='ocrx_word' id='word_1_187' title='bbox 861 1621 905 1662; x_wconf 89' lang='lat' dir='ltr'>et</span> <span class='ocrx_word' id='word_1_188' title='bbox 941 1619 1140 1662; x_wconf 85' lang='lat' dir='ltr'>acerrime</span> <span class='ocrx_word' id='word_1_189' title='bbox 1176 1617 1397 1662; x_wconf 85' lang='lat' dir='ltr'>commissa</span> <span class='ocrx_word' id='word_1_190' title='bbox 1430 1615 1522 1674; x_wconf 85' lang='lat' dir='ltr'>ipso</span> 
     </span>
     <span class='ocr_line' id='line_1_25' title="bbox 200 1681 1523 1740; baseline -0.003 -12"><span class='ocrx_word' id='word_1_191' title='bbox 200 1683 444 1738; x_wconf 86' lang='lat' dir='ltr'>certamine,</span> <span class='ocrx_word' id='word_1_192' title='bbox 466 1682 578 1740; x_wconf 91' lang='lat' dir='ltr'>quod</span> <span class='ocrx_word' id='word_1_193' title='bbox 599 1681 851 1740; x_wconf 87' lang='lat' dir='ltr'>aliquamdiu</span> <span class='ocrx_word' id='word_1_194' title='bbox 873 1697 1024 1740; x_wconf 86' lang='lat' dir='ltr'>anceps</span> <span class='ocrx_word' id='word_1_195' title='bbox 1053 1681 1148 1735; x_wconf 85' lang='lat' dir='ltr'>fuit,</span> <span class='ocrx_word' id='word_1_196' title='bbox 1171 1695 1346 1726; x_wconf 85' lang='lat' dir='ltr'>accensa</span> <span class='ocrx_word' id='word_1_197' title='bbox 1372 1684 1450 1733; x_wconf 82' lang='lat' dir='ltr'>est,</span> <span class='ocrx_word' id='word_1_198' title='bbox 1473 1684 1523 1724; x_wconf 84' lang='lat' dir='ltr'>ut</span> 
     </span>
     <span class='ocr_line' id='line_1_26' title="bbox 199 1745 1523 1802; baseline -0.004 -9"><span class='ocrx_word' id='word_1_199' title='bbox 199 1763 285 1793; x_wconf 88' lang='lat' dir='ltr'>non</span> <span class='ocrx_word' id='word_1_200' title='bbox 321 1763 416 1792; x_wconf 89' lang='lat' dir='ltr'>cum</span> <span class='ocrx_word' id='word_1_201' title='bbox 446 1747 640 1792; x_wconf 84' lang='lat' dir='ltr'>Etruscis</span> <span class='ocrx_word' id='word_1_202' title='bbox 670 1746 827 1790; x_wconf 86' lang='lat' dir='ltr'>totiens</span> <span class='ocrx_word' id='word_1_203' title='bbox 858 1747 981 1791; x_wconf 82' lang='lat' dir='ltr'>victis</span> <span class='ocrx_word' id='word_1_204' title='bbox 1012 1745 1086 1791; x_wconf 84' lang='lat' dir='ltr'>sed</span> <span class='ocrx_word' id='word_1_205' title='bbox 1117 1760 1213 1790; x_wconf 88' lang='lat' dir='ltr'>cum</span> <span class='ocrx_word' id='word_1_206' title='bbox 1244 1745 1383 1802; x_wconf 88' lang='lat' dir='ltr'>aliqua</span> <span class='ocrx_word' id='word_1_207' title='bbox 1415 1759 1523 1788; x_wconf 84' lang='lat' dir='ltr'>nova</span> 
     </span>
     <span class='ocr_line' id='line_1_27' title="bbox 205 1809 1523 1870; baseline -0.004 -13"><span class='ocrx_word' id='word_1_208' title='bbox 205 1818 334 1870; x_wconf 83' lang='lat' dir='ltr'>gente</span> <span class='ocrx_word' id='word_1_209' title='bbox 373 1811 588 1856; x_wconf 81' lang='lat' dir='ltr'>videretur</span> <span class='ocrx_word' id='word_1_210' title='bbox 629 1810 841 1854; x_wconf 81' lang='lat' dir='ltr'>dimicatio</span> <span class='ocrx_word' id='word_1_211' title='bbox 881 1826 997 1854; x_wconf 85' lang='lat' dir='ltr'>esse:</span> <span class='ocrx_word' id='word_1_212' title='bbox 1042 1809 1147 1854; x_wconf 88' lang='lat' dir='ltr'>nihil</span> <span class='ocrx_word' id='word_1_213' title='bbox 1187 1809 1239 1854; x_wconf 87' lang='lat' dir='ltr'>ab</span> <span class='ocrx_word' id='word_1_214' title='bbox 1279 1809 1365 1852; x_wconf 85' lang='lat' dir='ltr'>ulla</span> <span class='ocrx_word' id='word_1_215' title='bbox 1403 1812 1523 1866; x_wconf 84' lang='lat' dir='ltr'>partc</span> 
     </span>
     <span class='ocr_line' id='line_1_28' title="bbox 203 1873 1524 1933; baseline -0.003 -12"><span class='ocrx_word' id='word_1_216' title='bbox 203 1881 396 1921; x_wconf 88' lang='lat' dir='ltr'>movetur</span> <span class='ocrx_word' id='word_1_217' title='bbox 417 1876 541 1933; x_wconf 57' lang='lat' dir='ltr'>fugae,</span> <span class='ocrx_word' id='word_1_218' title='bbox 565 1875 722 1919; x_wconf 84' lang='lat' dir='ltr'>cadunt</span> <span class='ocrx_word' id='word_1_219' title='bbox 745 1875 1007 1932; x_wconf 79' lang='lat' dir='ltr'>antesignani</span> <span class='ocrx_word' id='word_1_220' title='bbox 1030 1878 1085 1927; x_wconf 85' lang='lat' dir='ltr'>ct,</span> <span class='ocrx_word' id='word_1_221' title='bbox 1107 1890 1160 1918; x_wconf 90' lang='lat' dir='ltr'>ne</span> <span class='ocrx_word' id='word_1_222' title='bbox 1188 1873 1403 1918; x_wconf 81' lang='lat' dir='ltr'>nudentur</span> <span class='ocrx_word' id='word_1_223' title='bbox 1428 1887 1524 1931; x_wconf 89' lang='lat' dir='ltr'>pro-</span> 
     </span>
     <span class='ocr_line' id='line_1_29' title="bbox 206 1937 1524 2000; baseline -0.003 -15"><span class='ocrx_word' id='word_1_224' title='bbox 206 1940 513 2000; x_wconf 83' lang='lat' dir='ltr'>pugnatoribus</span> <span class='ocrx_word' id='word_1_225' title='bbox 535 1940 668 1997; x_wconf 84' lang='lat' dir='ltr'>signa,</span> <span class='ocrx_word' id='word_1_226' title='bbox 690 1939 736 1983; x_wconf 89' lang='lat' dir='ltr'>fit</span> <span class='ocrx_word' id='word_1_227' title='bbox 758 1954 809 1983; x_wconf 83' lang='lat' dir='ltr'>ex</span> <span class='ocrx_word' id='word_1_228' title='bbox 832 1938 1014 1983; x_wconf 85' lang='lat' dir='ltr'>secunda</span> <span class='ocrx_word' id='word_1_229' title='bbox 1034 1939 1168 1996; x_wconf 85' lang='lat' dir='ltr'>prima</span> <span class='ocrx_word' id='word_1_230' title='bbox 1188 1938 1323 1982; x_wconf 84' lang='lat' dir='ltr'>acies:</span> <span class='ocrx_word' id='word_1_231' title='bbox 1356 1937 1408 1981; x_wconf 88' lang='lat' dir='ltr'>ab</span> <span class='ocrx_word' id='word_1_232' title='bbox 1429 1937 1524 1982; x_wconf 91' lang='lat' dir='ltr'>ulti-</span> 
     </span>
     <span class='ocr_line' id='line_1_30' title="bbox 208 2000 1524 2060; baseline -0.003 -11"><span class='ocrx_word' id='word_1_233' title='bbox 208 2007 285 2049; x_wconf 89' lang='lat' dir='ltr'>mis</span> <span class='ocrx_word' id='word_1_234' title='bbox 316 2004 465 2049; x_wconf 90' lang='lat' dir='ltr'>deinde</span> <span class='ocrx_word' id='word_1_235' title='bbox 495 2003 691 2048; x_wconf 87' lang='lat' dir='ltr'>subsidiis</span> <span class='ocrx_word' id='word_1_236' title='bbox 719 2003 854 2047; x_wconf 88' lang='lat' dir='ltr'>cietur</span> <span class='ocrx_word' id='word_1_237' title='bbox 882 2002 1013 2056; x_wconf 88' lang='lat' dir='ltr'>miles,</span> <span class='ocrx_word' id='word_1_238' title='bbox 1036 2001 1221 2060; x_wconf 86' lang='lat' dir='ltr'>adeoque</span> <span class='ocrx_word' id='word_1_239' title='bbox 1249 2000 1302 2045; x_wconf 85' lang='lat' dir='ltr'>ad</span> <span class='ocrx_word' id='word_1_240' title='bbox 1329 2000 1524 2046; x_wconf 87' lang='lat' dir='ltr'>ultimum</span> 
     </span>
     <span class='ocr_line' id='line_1_31' title="bbox 205 2065 1524 2124; baseline -0.003 -11"><span class='ocrx_word' id='word_1_241' title='bbox 205 2069 360 2114; x_wconf 80' lang='lat' dir='ltr'>laboris</span> <span class='ocrx_word' id='word_1_242' title='bbox 382 2084 429 2113; x_wconf 88' lang='lat' dir='ltr'>ac</span> <span class='ocrx_word' id='word_1_243' title='bbox 458 2067 631 2124; x_wconf 85' lang='lat' dir='ltr'>periculi</span> <span class='ocrx_word' id='word_1_244' title='bbox 658 2071 831 2111; x_wconf 84' lang='lat' dir='ltr'>ventum</span> <span class='ocrx_word' id='word_1_245' title='bbox 853 2070 918 2111; x_wconf 85' lang='lat' dir='ltr'>cst</span> <span class='ocrx_word' id='word_1_246' title='bbox 947 2072 996 2111; x_wconf 85' lang='lat' dir='ltr'>ut</span> <span class='ocrx_word' id='word_1_247' title='bbox 1017 2066 1180 2124; x_wconf 86' lang='lat' dir='ltr'>equites</span> <span class='ocrx_word' id='word_1_248' title='bbox 1202 2065 1383 2110; x_wconf 83' lang='lat' dir='ltr'>Romani</span> <span class='ocrx_word' id='word_1_249' title='bbox 1402 2067 1524 2110; x_wconf 84' lang='lat' dir='ltr'>omis·</span> 
     </span>
     <span class='ocr_line' id='line_1_32' title="bbox 206 2130 1524 2190; baseline -0.002 -13"><span class='ocrx_word' id='word_1_250' title='bbox 206 2133 262 2177; x_wconf 87' lang='lat' dir='ltr'>sis</span> <span class='ocrx_word' id='word_1_251' title='bbox 299 2133 416 2190; x_wconf 88' lang='lat' dir='ltr'>equis</span> <span class='ocrx_word' id='word_1_252' title='bbox 453 2131 505 2176; x_wconf 80' lang='lat' dir='ltr'>ad</span> <span class='ocrx_word' id='word_1_253' title='bbox 545 2132 701 2189; x_wconf 86' lang='lat' dir='ltr'>primos</span> <span class='ocrx_word' id='word_1_254' title='bbox 741 2131 908 2176; x_wconf 81' lang='lat' dir='ltr'>ordines</span> <span class='ocrx_word' id='word_1_255' title='bbox 950 2130 1134 2189; x_wconf 87' lang='lat' dir='ltr'>peditum</span> <span class='ocrx_word' id='word_1_256' title='bbox 1178 2144 1252 2187; x_wconf 89' lang='lat' dir='ltr'>per</span> <span class='ocrx_word' id='word_1_257' title='bbox 1292 2143 1408 2174; x_wconf 81' lang='lat' dir='ltr'>arma</span> <span class='ocrx_word' id='word_1_258' title='bbox 1449 2143 1524 2187; x_wconf 86' lang='lat' dir='ltr'>per</span> 
     </span>
     <span class='ocr_line' id='line_1_33' title="bbox 206 2194 1526 2254; baseline -0.003 -12"><span class='ocrx_word' id='word_1_259' title='bbox 206 2212 382 2254; x_wconf 85' lang='lat' dir='ltr'>corpora</span> <span class='ocrx_word' id='word_1_260' title='bbox 416 2196 650 2241; x_wconf 82' lang='lat' dir='ltr'>evaserint:</span> <span class='ocrx_word' id='word_1_261' title='bbox 684 2211 734 2240; x_wconf 85' lang='lat' dir='ltr'>ca</span> <span class='ocrx_word' id='word_1_262' title='bbox 766 2195 881 2240; x_wconf 79' lang='lat' dir='ltr'>velut</span> <span class='ocrx_word' id='word_1_263' title='bbox 917 2209 1026 2239; x_wconf 81' lang='lat' dir='ltr'>nova</span> <span class='ocrx_word' id='word_1_264' title='bbox 1058 2194 1170 2239; x_wconf 85' lang='lat' dir='ltr'>inter</span> <span class='ocrx_word' id='word_1_265' title='bbox 1205 2194 1338 2239; x_wconf 78' lang='lat' dir='ltr'>fessos</span> <span class='ocrx_word' id='word_1_266' title='bbox 1378 2197 1526 2239; x_wconf 80' lang='lat' dir='ltr'>exorta</span> 
     </span>
     <span class='ocr_line' id='line_1_34' title="bbox 208 2254 1523 2320; baseline -0.004 -12"><span class='ocrx_word' id='word_1_267' title='bbox 208 2262 317 2308; x_wconf 83' lang='lat' dir='ltr'>acies</span> <span class='ocrx_word' id='word_1_268' title='bbox 347 2260 536 2306; x_wconf 84' lang='lat' dir='ltr'>turbavit</span> <span class='ocrx_word' id='word_1_269' title='bbox 566 2261 686 2320; x_wconf 81' lang='lat' dir='ltr'>signa</span> <span class='ocrx_word' id='word_1_270' title='bbox 717 2260 1020 2305; x_wconf 83' lang='lat' dir='ltr'>Etruscorum:</span> <span class='ocrx_word' id='word_1_271' title='bbox 1057 2261 1237 2318; x_wconf 77' lang='lat' dir='ltr'>sequuta</span> <span class='ocrx_word' id='word_1_272' title='bbox 1265 2254 1416 2304; x_wconf 85' lang='lat' dir='ltr'>deinde</span> <span class='ocrx_word' id='word_1_273' title='bbox 1446 2258 1523 2304; x_wconf 88' lang='lat' dir='ltr'>im-</span> 
     </span>
    </p>
   </div>
   <div class='ocr_carea' id='block_1_3' title="bbox 1584 0 1649 2452">
    <p class='ocr_par' dir='ltr' id='par_1_3' title="bbox 1584 0 1649 2452">
     <span class='ocr_line' id='line_1_35' title="bbox 1584 0 1649 2452; baseline 0 0"><span class='ocrx_word' id='word_1_274' title='bbox 1584 0 1649 2452; x_wconf 95' lang='lat' dir='ltr'> </span> 
     </span>
    </p>
   </div>
  </div>
 </body>
</html>
