1649 2452
190 113 266 154 574
503 111 548 148 T.
583 109 733 148 LlVII
769 109 1184 148 HISTORIARUM

187 219 301 250 nunc
327 204 537 249 sollemnis
571 205 637 246 est
664 201 832 246 licentia
862 217 937 257 per
965 202 1112 247 urbem
1140 163 1413 261 vager-exitui?
1431 162 1507 248 mni-⁰

189 270 471 326 stitutumque
500 268 542 311 in
575 266 661 310 aede
689 265 883 310 vescendi
908 266 978 323 jus
1007 266 1073 310 his
1105 268 1176 324 qui
1207 267 1334 311 sacris
1365 267 1509 324 praeei-

151 341 174 378 8
189 337 351 379 nerent.
413 333 520 376 Haec
548 331 660 374 inter
688 329 864 374 duorum
887 330 1121 388 ingentium
1142 331 1344 375 bellorum
1366 346 1508 376 euram

191 398 456 456 gerebantur.
1268 447 1271 449 ‚

81 469 175 518 (31)
251 460 453 505 Consules
474 459 585 503 inter
612 475 656 502 se
685 458 917 516 provincias
939 459 1103 503 sortiti:
1135 460 1162 502 J
1167 459 1264 504 unio
1287 459 1510 514 Samnites,

152 537 176 573 2
191 525 363 569 AEmilio
383 539 540 567 novum
559 522 714 567 bellum
742 522 915 566 Etruria
935 528 1048 567 sorte
1069 523 1251 567 obvenit.
1314 523 1367 567 In
1394 523 1511 567 Sam-

193 590 262 634 nio
294 588 485 633 Cluviam
515 586 752 645 praesidium
786 587 1039 638 Romanum,
1067 588 1164 645 quia
1194 587 1439 645 nequiverat
1469 585 1512 632 vi

194 654 298 710 capi,
319 652 535 696 obsessum
555 651 664 694 fame
685 651 728 694 in
751 650 1003 694 deditionem
1031 655 1276 708 acceperant
1305 651 1512 696 Samnites

193 716 519 772 verberibusque
554 714 712 758 foedum
748 715 793 758 in
826 714 994 758 modum
1036 714 1240 760 laceratos
1275 715 1514 761 occiderant

158 781 372 826 3deditos.
434 780 551 824 Huic
589 779 778 823 infensus
819 779 1058 823 crudelitati
1092 779 1409 824 Junius—nihil
1443 795 1515 824 an-

193 845 355 902 tiquius
385 844 698 902 oppugnatione
728 843 931 887 Cluviana
961 847 1221 902 ratus—quo
1250 844 1316 889 die
1347 843 1517 902 adgres-

199 925 270 954 sus
299 912 364 953 est
385 908 536 952 muenia
555 907 597 951 vi
618 908 728 964 cepit
755 911 880 964 atque
908 922 1051 952 omnes
1082 908 1260 965 puberes
1289 909 1515 956 interfecit.

159 982 184 1018 4-
202 972 307 1017 Inde
329 973 463 1017 victor
483 972 693 1016 exereitus
714 971 946 1015 Bovianum
970 971 1122 1016 duetus
1141 988 1150 1015 ε
1181 976 1307 1030 eaput
1326 973 1407 1017 hoc
1427 974 1518 1017 erat

204 1037 459 1081 Pentrorum
492 1036 742 1080 Samnitium
772 1035 895 1094 longe
923 1035 1178 1080 ditissimum
1204 1041 1329 1094 atque
1349 1037 1518 1094 opulen-

161 1101 411 1149 5tissimum
442 1101 566 1144 armis
597 1100 793 1158 virisque.
855 1099 922 1144 Ibi
958 1101 1056 1158 quia
1089 1101 1199 1144 haud
1241 1104 1408 1145 tantum
1437 1101 1518 1145 ira-

202 1182 298 1210 rum
319 1169 423 1218 erat,
447 1180 520 1222 spe
548 1164 697 1222 praeda:
723 1163 876 1208 milites
904 1165 1068 1208 accensi
1095 1164 1248 1223 oppido
1276 1165 1519 1224 potiuntur:

201 1230 340 1274 minus
368 1230 510 1287 itaque
538 1229 730 1273 saevitum
758 1228 802 1272 in
829 1229 972 1273 hostes
1001 1233 1078 1284 est,
1108 1230 1256 1287 praedae
1283 1231 1378 1287 plus
1403 1244 1521 1287 paene

204 1310 325 1352 quam
362 1309 414 1338 ex
450 1293 563 1337 omni
598 1293 765 1337 Samnio
800 1308 997 1350 umquam
1033 1299 1223 1352 egestum
1259 1294 1521 1353 benigneque

164 1368 186 1406 6
204 1359 337 1403 omnis
358 1357 481 1402 militi
501 1372 708 1402 concessa.
758 1357 815 1401 Et
837 1361 1057 1416 postquam
1079 1362 1380 1416 praepotentem
1397 1359 1522 1403 armis

204 1423 443 1467 Romanum
483 1437 560 1466 nee
601 1422 710 1466 acies
751 1421 981 1466 subsistere
1020 1422 1114 1467 ullae
1154 1438 1232 1468 nee
1272 1427 1411 1468 eastra
1443 1437 1522 1468 nec

204 1486 329 1531 urbes
357 1490 565 1544 poterant,
589 1487 774 1530 omnium
801 1486 1036 1543 principum
1065 1487 1111 1531 in
1139 1487 1306 1532 Samnio
1334 1503 1384 1532 eo
1412 1503 1522 1532 curae

206 1556 305 1595 sunt
326 1552 499 1596 intentae
520 1555 569 1595 ut
585 1550 745 1594 insidiis
767 1556 1025 1608 quaereretur
1044 1551 1173 1604 loeus,
1197 1553 1233 1596 si
1254 1567 1336 1610 qua
1356 1551 1525 1597 licentia

205 1615 442 1674 populando
464 1616 621 1660 effusus
642 1616 852 1659 exereitus
881 1616 1017 1674 excipi
1037 1631 1085 1660 ae
1112 1617 1404 1661 circumveniri
1429 1632 1524 1674 pos-

168 1686 285 1733 7set.
366 1680 648 1737 Transfugere
689 1683 890 1737 agrestes,
932 1684 976 1724 et
1016 1681 1172 1738 captivi
1213 1680 1380 1739 quidam
1421 1696 1521 1739 pars

207 1745 317 1790 forte
347 1761 443 1802 pars
474 1745 646 1790 consilio
675 1745 805 1789 oblati
833 1746 1107 1802 congruentia
1135 1745 1186 1790 ad
1213 1745 1424 1791 consulem
1457 1745 1526 1790 ad·

208 1810 542 1868 ferentes—quae
570 1813 613 1854 et
640 1824 738 1853 vera
765 1811 1104 1868 erant—peeoris
1130 1810 1213 1855 vim
1238 1810 1453 1869 ingentem
1482 1811 1526 1855 in

209 1874 362 1919 saltum
384 1875 521 1919 avium
538 1874 793 1932 compulsam
815 1890 918 1927 esse,
938 1874 1209 1932 perpulerunt
1229 1879 1278 1919 ut
1294 1874 1526 1933 proedatum

169 1953 191 1990 3
210 1955 258 1984 eo
287 1940 491 1997 expeditae
522 1940 776 1985 ducerentur
807 1940 1003 1999 legiones.
1067 1940 1134 1985 Ibi
1162 1941 1309 1999 ingens
1340 1941 1526 1986 hostium

210 2005 418 2049 exereitus
453 2004 605 2049 itinera
637 2004 827 2049 occultus
863 2004 1072 2049 insederat
1108 2009 1163 2058 et,
1200 2009 1424 2063 postquam
1465 2005 1527 2049 in-

211 2069 345 2113 trasse
366 2069 580 2114 Romanos
607 2069 713 2114 vidit
742 2069 907 2122 saltum,
930 2073 1102 2127 repente
1128 2066 1301 2114 exortus
1329 2084 1424 2114 cum
1445 2069 1528 2114 ela-

171 2145 194 2184 9
211 2148 326 2177 more
354 2148 401 2177 ac
428 2133 616 2178 tumultu
643 2134 833 2178 incautos
861 2133 1032 2179 invadit.
1093 2133 1152 2179 Et
1179 2134 1312 2192 primo
1332 2148 1441 2179 nova
1460 2149 1528 2179 res

211 2196 530 2254 trepidationem
553 2198 664 2251 fecit,
689 2198 787 2243 dum
816 2213 930 2243 arma
956 2197 1139 2258 capiunt,
1167 2198 1349 2247 sarcinas
1377 2211 1530 2261 congo-

213 2265 311 2319 runt
327 2262 371 2312 in
391 2261 598 2315 medium:
632 2263 727 2316 dein
750 2267 982 2332 postquam,
1007 2266 1053 2314 ut
1077 2263 1253 2335 quisque
1281 2262 1528 2338 liberaverat
