1649 2452
172 117 250 153 644
491 114 536 151 Τ.
567 112 714 151 le11
746 111 1161 154 HISTORIARUM

168 205 207 251 si
236 208 335 250 ante
363 204 496 250 lucem
526 205 579 250 ad
606 209 745 251 castra
771 209 945 250 ventum
972 165 1484 264 foret‚tantuui⁸1'›2ii}‹ir⁹i⁴'s

169 269 301 314 fuisse
329 271 380 314 ut
409 269 598 314 relicturi
627 270 748 328 518118
777 269 961 314 fuerint:
993 285 1106 315 nunc
1140 270 1300 328 pudore
1331 285 1356 314 a
1384 269 1487 328 fuga

130 341 154 379 6
171 333 388 386 contineri,
431 333 586 391 alioqui
624 348 701 406 pro
741 333 864 378 victis
905 349 1009 378 8558.
1085 334 1193 383 Quae
1233 333 1307 378 ubi
1342 333 1488 379 consul

171 397 344 456 accepit,
367 397 574 442 sibimet
562 397 644 455 1psi
671 397 989 442 circumeundos
1018 397 1385 456 adloquendosque
1412 398 1489 442 mi-

170 462 267 507 lites
306 464 439 514 ratus,
475 464 526 505 ut
566 460 620 505 ad
655 477 843 520 quosque
881 466 1054 506 venerat
1089 466 1336 506 cunctantes
1376 476 1490 506 arma

171 541 332 584 capere,
361 524 617 583 increpabat,
646 525 747 584 quid
774 529 987 570 cessarent
1017 526 1490 584 tergiversarenturque,

171 590 336 635 hostem
356 589 401 634 in
420 592 559 634 castra
577 593 803 634 venturum
824 589 905 634 nisi
920 589 979 634 illi
995 594 1117 634 extra
1131 594 1271 636 castra
1290 590 1490 644 exissent,

171 659 216 700 et
248 669 324 713 pro
356 654 551 698 tentoriis
587 654 675 698 suis
710 657 972 712 pugnaturos
1004 654 1040 698 si
1060 670 1136 712 pro
1165 654 1275 698 vallo
1304 653 1489 698 nollent:

174 718 346 763 armatis
387 732 436 762 ac
475 717 771 762 dimicantibus
812 717 980 763 dubiam
1020 718 1238 762 victoriam
1279 733 1384 771 esse,
1420 718 1491 776 qui

173 781 314 828 nudus
335 784 463 840 atque
482 781 654 826 inermis
674 782 842 827 hostem
862 785 1042 837 maneat,
1064 781 1103 826 ei
1123 787 1197 826 aut
1217 785 1395 826 mortem
1417 785 1491 825 aut

136 864 158 904 7
175 846 423 892 servitutem
461 845 714 904 patiendam.
795 846 903 891 Haec
936 846 1130 905 jurganti
1174 845 1491 904 increpantique

175 910 487 984 respondebant
526 909 742 955 confectos
779 925 825 955 se
863 926 1007 983 pugna
1045 911 1244 955 hesterna
1283 925 1375 954 esse
1414 925 1492 955 nec

175 975 328 1020 virium
363 975 586 1033 quicquam
624 989 704 1019 nec
743 975 958 1033 sanguinis
999 990 1243 1032 superesse.
1295 974 1491 1032 majorem

135 1047 158 1083 8
175 1038 489 1085 multitudinem
510 1038 696 1083 hostium
712 1053 911 1097 apparere
933 1054 1056 1115 quam
1078 1039 1210 1097 pridie
1231 1039 1374 1083 fuerit.
1424 1038 1496 1083 Iu·

175 1108 241 1149 ter
261 1103 351 1148 haec
379 1102 740 1161 adpropinquabat
771 1118 936 1160 agmen,
965 1108 1009 1147 et
1034 1107 1123 1160 Jam
1152 1103 1343 1148 breviore
1368 1102 1496 1148 inter-

175 1168 284 1213 vallo
305 1167 486 1213 certiora
504 1167 719 1211 intuentes
740 1167 895 1211 vallum
916 1182 1056 1211 secum
1078 1171 1246 1225 portare
1265 1167 1496 1211 Samnitem

180 1232 404 1278 adfirmant
437 1246 515 1276 nec
556 1231 730 1276 dubium
770 1246 862 1276 esse
903 1232 1004 1289 quin
1044 1235 1182 1276 885118
1217 1231 1497 1276 circumvalla·

138 1303 161 1341 9
177 1296 265 1342 turi
285 1296 382 1341 sint.
441 1295 561 1340 Tuuc
582 1295 793 1340 enimvero
814 1295 961 1340 consul
981 1294 1200 1352 indignum
1222 1295 1385 1339 facinus
1406 1310 1497 1340 8558

178 1359 410 1413 vociferari,
441 1362 606 1404 tantam
636 1359 930 1404 contumeliam
965 1359 1320 1417 ignominiamque
1356 1359 1408 1404 ab
1438 1360 1498 1417 ig-

177 1425 402 1471 navissimo
438 1423 570 1481 accipi
604 1423 751 1468 hoste:
801 1424 1037 1468 “Etiamne
1073 1423 1497 1468 circumsedebimur”

177 1490 316 1548 inquit
339 1493 363 1512 ‘⁶
378 1489 423 1533 in
450 1488 599 1533 castris
619 1491 670 1532 ut
696 1487 806 1532 fame
825 1488 967 1545 potius
988 1503 1063 1546 per
1083 1488 1352 1547 ignominiam
1375 1503 1498 1546 8118111

178 1555 304 1609 ferro,
325 1553 361 1597 si
381 1567 551 1597 necesse
572 1555 652 1603 est,
672 1567 747 1610 per
771 1551 973 1596 virtutem
993 1553 1219 1596 moriamur
1233 1552 1278 1597 ?”
1310 1551 1369 1597 dii
1388 1552 1495 1597 beno

180 1621 408 1670 verterent,
445 1616 716 1673 facerentque
752 1615 864 1674 quod
905 1631 950 1661 se
990 1616 1163 1674 dignum
1205 1617 1383 1675 quisque
1423 1617 1500 1661 du-

181 1686 350 1729 cerent:
382 1680 598 1726 consulem
625 1680 689 1724 M.
710 1680 886 1724 Atilium
915 1679 984 1725 vel
1011 1681 1158 1734 solum,
1189 1682 1225 1725 si
1245 1695 1367 1725 nemo
1395 1681 1500 1725 alius

183 1750 396 1806 sequatur,
438 1746 598 1790 iturum
645 1744 845 1789 adversus
885 1744 1031 1789 hostes
1073 1760 1351 1803 casurumque
1390 1745 1501 1789 inter

183 1812 304 1871 signa
326 1810 577 1855 Samnitium
605 1809 746 1867 potius
774 1824 897 1866 quam
928 1809 1228 1853 circumvallari
1257 1813 1394 1854 castra
1414 1809 1500 1853 Ro-

121 1887 167 1923 10
183 1892 308 1921 mana
326 1874 479 1920 videat.
541 1874 670 1918 Dicta
686 1873 869 1917 consulis
885 1873 1014 1930 legati
1030 1873 1271 1932 tribunique
1294 1879 1336 1917 81
1358 1889 1501 1918 omnes

184 1945 335 1987 turmae
363 1941 553 1998 equitum
581 1944 625 1982 et
656 1937 922 1982 centuriones
953 1938 1182 1995 primorum
1213 1937 1406 1982 ordinum
1433 1937 1501 1981 ad-

122 2015 168 2056 11
186 2004 426 2065 probavere.
486 2003 596 2047 Tum
617 2001 777 2060 pudore
797 2001 935 2046 victus
963 2001 1081 2046 miles
1103 2002 1290 2059 segniter
1309 2017 1332 2046 e
1353 2002 1501 2046 castris

186 2069 414 2143 egreditur,
444 2067 570 2125 longo
598 2067 763 2125 agmine
789 2081 868 2111 nec
895 2066 1128 2111 continenti
1149 2066 1284 2112 maesti
1305 2081 1353 2110 ac
1374 2080 1501 2137 prope

186 2134 289 2181 victi
324 2131 557 2192 procedunt
587 2131 787 2176 adversus
823 2130 988 2175 hostem
1023 2145 1101 2176 nec
1140 2146 1214 2188 spe
1252 2145 1330 2175 nec
1365 2130 1502 2174 animo

124 2217 172 2254 12
188 2198 422 2245 certiorem.
484 2197 637 2255 Itaque
657 2194 782 2241 simul
802 2198 1026 2253 conspecta
1041 2198 1141 2240 sunt
1157 2195 1349 2239 Romana
1368 2194 1500 2252 518118,

190 2262 401 2323 extemplo
434 2275 460 2307 a
490 2261 625 2322 primo
660 2259 911 2307 Samnitium
944 2260 1110 2321 agmine
1144 2258 1198 2306 ad
1230 2258 1503 2306 novissimum
