1649 2452
206 59 282 95 638
529 58 574 96 T.
604 57 750 96 LlVll
786 57 1201 96 HISTORIARUM

204 150 382 195 cumulis
411 155 513 205 crat,
536 151 712 195 inveniri
742 165 827 195 non
846 151 998 208 potuit,
1021 159 1189 208 postero
1217 150 1284 195 die
1303 110 1521 197 &effingi

204 214 468 272 relatumque
505 219 570 259 est
601 230 694 259 cum
738 215 881 259 multis
921 214 1101 259 militum
1141 215 1350 260 lacrimis:
1392 215 1522 260 inter-

206 279 333 323 missa
355 279 449 323 iude
471 279 655 323 omnium
686 278 856 322 aliarum
879 294 1017 323 rerum
1046 293 1147 323 cura
1176 279 1332 322 Fabius
1353 279 1522 338 collegae

207 343 332 386 funus
354 344 464 386 omui
488 343 645 386 houm-e
668 342 942 401 laudibusque
964 343 1123 386 meritis
1145 342 1340 387 celebrat.
1513 367 1523 385 ,

85 406 192 456 ’,30)
264 407 321 451 Et
344 408 385 451 in
407 407 580 451 Etruria
600 422 673 464 per
695 406 862 451 eosdem
892 406 979 451 dies
1001 406 1051 451 ab
1075 406 1150 451 Cn.
1174 407 1321 451 Fulvio
1341 421 1524 465 proprae-

205 475 298 516 tore
319 487 385 515 res
408 487 459 515 ex
491 471 702 515 sententia
722 475 853 529 gesta,
878 475 921 515 et
952 475 1102 528 praeter
1124 472 1337 529 ingentem
1365 471 1524 516 illatam

205 535 547 593 populationibus
576 550 772 593 agrorum
799 535 913 580 hosti
943 535 1100 579 cladem
1132 538 1368 594 pugnatum
1397 535 1525 580 etiam

205 600 373 658 egregie
409 603 474 644 est
505 599 890 658 Perusinorumque
922 603 965 644 ct
997 599 1266 644 Clusinorum
1295 614 1402 645 coesa
1435 614 1525 644 am-

205 664 314 722 plius
355 663 483 708 millia
522 664 605 708 tria
639 667 682 708 et
723 664 844 722 sigua
881 664 1077 708 militaria
1109 665 1161 708 ad
1195 663 1347 722 viginti
1386 667 1522 722 capta.

169 727 458 774 2Samnitium
487 743 637 786 agmen
658 744 785 786 quum
815 744 889 785 per
917 728 1138 787 Peliguum
1169 744 1315 786 agrum
1342 728 1524 787 fugeret,

207 795 538 837 circumventum
570 808 594 836 a
624 793 810 850 Pelignis
842 796 931 837 cst:
965 808 1017 837 ex
1047 793 1228 838 millibus
1260 793 1444 851 quinque
1474 792 1527 838 ad

171 857 318 901 3mille
353 856 684 915 caesi—Magna
721 857 809 914 ejus
851 857 933 901 diei
974 873 1056 914 quo
1097 858 1141 901 in
1182 857 1390 902 Sentinati
1425 872 1527 915 agro

207 921 405 966 bellatum
436 921 547 964 fama
578 926 642 964 est
673 921 798 966 etiam
831 937 928 966 vero
960 922 1118 966 stanti:
1157 921 1229 966 sed
1266 921 1528 979 superjecere

208 985 375 1043 quidam
398 984 590 1044 augendo
613 984 749 1040 fidem,
769 986 839 1044 qui
860 986 902 1029 in
923 986 1109 1030 hostium
1132 986 1320 1030 exercitu
1339 985 1528 1042 peditum

209 1049 486 1108 quadraginta
511 1049 638 1093 millia
659 1054 870 1094 trecentos
892 1051 1078 1108 triginta,
1098 1051 1287 1108 equitum
1308 1065 1383 1095 sex
1402 1050 1530 1096 millia

209 1118 252 1159 et
274 1113 562 1172 quadraginta,
587 1113 700 1158 mille
728 1118 1022 1172 carpentorum
1051 1115 1256 1172 scripsere
1283 1114 1427 1168 fuisse,
1449 1115 1511 1160 sci

209 1179 306 1223 licet
337 1193 434 1224 cum
466 1177 638 1222 Umbris
670 1179 902 1237 Tuscisque
924 1194 1028 1237 quos
1057 1183 1100 1223 et
1130 1179 1244 1237 ipsos
1274 1194 1427 1237 pugnae
1457 1178 1530 1224 ad-

209 1243 368 1287 fuisse:
401 1246 443 1286 et
474 1246 523 1286 ut
555 1242 842 1287 Romanorum
871 1258 1036 1302 quoque
1064 1247 1268 1301 augerent
1295 1245 1447 1301 copias,
1476 1243 1528 1288 L.

209 1307 481 1352 Volumnium
505 1322 580 1364 pro
602 1307 773 1352 consule
795 1307 941 1352 ducem
959 1308 1200 1352 consulibus
1217 1309 1531 1367 exercitumque

175 1382 197 1418 4
213 1375 303 1430 ejus
324 1371 558 1431 legionibus
581 1372 798 1417 consulum
829 1372 1042 1430 adjiciunt.
1102 1372 1157 1416 In
1183 1372 1372 1430 pluribus
1401 1387 1531 1417 anna-

212 1437 321 1481 libus
344 1436 520 1481 duorum
550 1452 599 1482 ea
620 1436 839 1481 consulum
867 1437 1034 1495 propria
1054 1437 1230 1482 victoria
1256 1441 1334 1491 est,
1357 1436 1534 1482 Volum-

212 1500 307 1546 nius
329 1501 372 1545 in
395 1501 562 1545 Samnio
591 1501 759 1546 interim
789 1517 855 1546 res
883 1501 994 1558 gerit
1024 1501 1357 1560 Samnitiumque
1377 1500 1516 1546 exerci

211 1570 303 1611 tum
344 1566 388 1610 in
427 1565 643 1610 Tifernum
675 1570 859 1610 montem
894 1565 1153 1623 compulsum
1185 1581 1270 1611 non
1305 1566 1532 1612 deterritus

175 1639 198 1676 5
212 1631 433 1689 iniquitate
454 1630 536 1675 loci
556 1630 696 1675 fundit
726 1630 1058 1688 fugatque—Q.
1081 1629 1235 1675 Fabius
1257 1631 1442 1676 Deciano
1462 1645 1534 1675 ex-

212 1695 347 1740 ercitu
378 1694 524 1740 relicto
559 1695 604 1739 in
635 1695 821 1740 Etrurioe
852 1694 1046 1752 praesidio
1077 1695 1164 1740 suis
1194 1694 1428 1754 legionibus
1463 1695 1534 1740 de·

213 1759 351 1804 ductis
383 1758 436 1803 ad
465 1759 612 1804 urbem
645 1759 696 1804 de
729 1759 859 1805 Gallis
891 1759 1166 1817 Etruscisque
1197 1774 1257 1817 ac‘
1277 1759 1533 1804 Samnitibus

213 1823 512 1882 triumphavit:
545 1823 699 1869 milites
725 1823 1052 1882 triumphantem
1075 1824 1245 1882 sequuti
1271 1827 1397 1869 sunt:
1429 1823 1535 1868 cele·

213 1888 335 1933 brata
374 1887 599 1933 inconditis
639 1889 891 1933 militaribus
926 1889 1035 1946 jocis
1076 1904 1160 1933 uon
1194 1888 1327 1947 magis
1361 1887 1536 1933 victoria

217 1954 271 2001 Q.
297 1952 417 1997 Fabii
439 1968 563 2011 quam
584 1968 696 1998 mors
725 1953 924 2011 praeclara
951 1953 998 1997 P.
1022 1952 1144 1998 Decii
1174 1958 1251 2008 est,
1272 1953 1535 2010 excitataque

218 2018 418 2062 memoria
459 2018 643 2076 parentis
685 2023 850 2076 aequala
889 2022 1043 2063 eventu
1084 2018 1250 2075 publico
1289 2017 1536 2075 privatoque

181 2081 293 2126 (isilii
324 2080 530 2126 laudibus.
593 2081 708 2126 Data
735 2098 785 2126 cx
817 2082 956 2140 pracda
986 2082 1188 2127 militibus
1219 2081 1312 2127 aeris
1342 2081 1536 2137 octogeni

219 2145 307 2191 bini
335 2161 518 2205 sagaque
548 2150 591 2192 et
618 2146 785 2199 tunicae,
809 2146 978 2206 praemia
1005 2145 1075 2197 illa
1102 2150 1351 2216 tempestate
1379 2145 1537 2206 uulitiae

218 2209 541 2281 haudquaquam
562 2211 807 2276 spernenda.
