1649 2452
177 96 256 135 584
505 97 550 138 T.
572 96 725 135 L1V11
754 96 1168 135 HISTORIARUM
1291 147 1338 188 [Α
1365 149 1390 180 c
1417 150 1476 182 ³⁰8

143 188 428 247 ssfugatosque
462 189 741 248 persequitur.
800 189 871 234 Ad
903 192 1041 235 castra
1080 189 1134 233 ad
1173 188 1298 233 silvas
1339 189 1491 234 diversi

176 252 432 298 tendebant:
464 254 577 298 silvae
611 254 749 297 tutius
780 253 930 298 dedere
964 254 1188 311 refugium,
1224 268 1320 296 nam
1355 258 1494 298 castra

143 316 222 361 7in
260 318 416 375 campis
452 318 534 362 sita
568 317 713 362 eodem
750 317 817 362 die
852 318 1087 375 capiuntur.
1148 318 1311 360 Aurum
1349 332 1493 374 argen-

177 384 352 439 tumque
369 382 530 437 jussum
555 382 701 425 referri
717 381 770 425 ad
787 381 1010 434 consulem,
1029 384 1180 425 caetera
1194 380 1334 437 praeda
1348 381 1491 425 militis

141 445 272 489 8fuit.
334 445 453 489 Caesa
483 449 556 489 aut
587 449 709 502 capta
738 460 787 489 eo
818 445 884 489 die
913 445 1098 489 hostium
1128 444 1257 488 millia
1291 444 1343 488 ad
1373 459 1494 488 sexa-

176 509 308 566 ginta.
368 509 474 553 Eam
489 513 575 553 tam
597 509 749 553 claram
770 525 953 567 pugnam
969 513 1086 553 trans
1108 508 1327 552 Ciminiam
1347 508 1493 552 silvam

177 572 230 616 ad
249 573 464 617 Perusiam
494 577 723 630 pugnatam
745 573 910 630 quidam
940 580 1132 617 auctores
1160 576 1272 626 sunt,
1294 576 1492 629 metuque

175 636 220 680 in
240 651 393 694 magno
422 637 635 681 civitatem
663 637 807 690 fuisse,
829 652 882 681 ne
903 636 1154 681 interclusus
1176 636 1384 680 exercitus
1404 640 1491 680 tam

174 700 331 744 infesto
371 700 484 744 saltu
523 701 677 744 coortis
717 700 902 758 undique
941 701 1089 745 Tuscis
1129 699 1387 756 Umbrisque
1421 715 1492 757 op·

174 765 478 821 primerentur:
511 764 585 809 sed
604 765 855 823 ubicumque
874 768 1108 823 pugnatum
1124 767 1201 817 est,
1218 779 1285 808 res
1302 764 1493 808 Romana

175 829 364 886 superior
391 829 497 873 fuit:
530 829 672 884 itaque
703 845 728 872 a
754 829 930 873 Perusia
955 832 999 873 et
1028 829 1214 872 Cortona
1240 831 1284 872 et
1308 828 1491 882 Arretio,

176 908 268 951 quae
308 893 438 937 ferme
479 892 617 950 capita
656 893 841 937 Etruriae
876 892 1124 950 populorum
1159 907 1208 936 ea
1238 895 1491 949 tempestate

175 959 307 1009 erant,
349 957 480 1014 legati
518 972 662 1014 pacem
702 957 920 1014 foedusque
961 956 1012 1001 ab
1053 956 1254 1000 Romanis
1299 960 1490 1013 petentes

178 1020 366 1065 inducias
386 1021 432 1065 in
451 1021 629 1079 triginta
649 1036 778 1065 annos
799 1021 1142 1078 impetraverunt.

66 1086 170 1136 (38)
237 1084 354 1128 Dum
379 1085 469 1129 haec
494 1085 540 1129 in
564 1085 737 1129 Etruria
764 1089 980 1143 geruntur,
1004 1083 1150 1129 consul
1176 1083 1280 1128 alter
1307 1083 1355 1128 C.
1377 1083 1492 1128 Mar-

178 1148 267 1192 cius
291 1148 466 1193 Rutilus
486 1148 636 1193 Allifas
665 1148 716 1193 de
745 1148 1000 1193 Samnitibus
1020 1148 1062 1192 vi
1090 1147 1224 1205 cepit:
1257 1148 1390 1192 multa
1411 1147 1492 1192 alia

175 1212 346 1257 castella
385 1213 548 1270 vicique
589 1216 662 1257 aut
703 1212 840 1257 deleta
878 1212 1087 1257 hostiliter
1130 1216 1204 1256 aut
1243 1212 1409 1269 integra
1446 1212 1492 1256 in

140 1280 430 1334 2potestatem
466 1292 629 1321 venere.
690 1277 774 1321 Per
806 1276 919 1321 idem
953 1280 1120 1333 tempus
1151 1279 1194 1320 et
1229 1276 1372 1321 classis
1405 1276 1491 1320 Ro-

173 1356 295 1385 mana
321 1356 347 1385 a
371 1341 420 1385 P.
450 1340 652 1393 Cornelio,
677 1356 800 1399 quem
831 1347 1001 1385 senatus
1029 1340 1247 1385 maritimae
1274 1355 1357 1384 orae
1389 1355 1492 1397 prae-

173 1405 342 1461 fecerat,
377 1405 422 1449 in
458 1405 726 1463 Campaniam
761 1408 855 1449 acta
894 1420 1020 1462 quum
1057 1404 1230 1462 adpulsa
1268 1403 1490 1462 Pompeios

173 1474 296 1522 esset,
326 1470 429 1514 socii
455 1469 551 1513 inde
581 1468 748 1513 navales
776 1468 829 1512 ad
856 1467 1191 1526 depopulandum
1221 1483 1369 1526 agrum
1397 1468 1492 1512 Nu-

173 1535 357 1579 cerinum
378 1535 555 1592 profecti
584 1534 782 1592 proximis
803 1534 956 1591 raptim
984 1533 1172 1588 vastatis,
1193 1533 1305 1578 unde
1328 1532 1490 1578 reditus

173 1602 293 1643 tutus
324 1598 376 1642 ad
405 1614 533 1643 naves
562 1602 686 1652 esset,
713 1597 943 1652 dulcedine,
974 1604 1023 1641 ut
1053 1597 1113 1652 fit,
1144 1596 1295 1655 praedae
1323 1597 1489 1655 longius

136 1663 382 1720 Sprogressi
422 1663 611 1708 excivere
655 1663 811 1706 hostes.
893 1661 1050 1705 Palatis
1092 1677 1165 1718 per
1205 1676 1327 1719 agros
1366 1675 1489 1705 nemo

171 1726 318 1771 obvius
350 1727 443 1783 fuit,
470 1743 600 1785 quum
628 1726 840 1771 occidione
870 1726 1003 1770 occidi
1032 1729 1230 1782 possent:
1265 1724 1488 1770 redeuntes

171 1791 336 1849 agmine
360 1791 528 1836 incauto
555 1791 667 1835 haud
692 1790 838 1849 procul
857 1789 1032 1834 navibus
1055 1789 1278 1848 adsequuti
1299 1793 1487 1848 agrestes

170 1859 377 1899 exuerunt
405 1855 556 1912 praeda,
585 1858 746 1912 partem
773 1854 899 1899 etiam
924 1853 1191 1899 occiderunt:
1225 1869 1317 1912 quae
1343 1868 1488 1911 super-

170 1920 257 1964 fuit
287 1919 402 1973 caedi,
437 1919 601 1977 trepida
640 1918 867 1963 multitudo
903 1918 956 1962 ad
994 1933 1120 1963 naves
1156 1916 1369 1974 compulsa
1406 1921 1485 1961 est.

133 1983 380 2026 4Pr0fectio
403 1983 457 2031 Q.
480 1982 599 2028 Fabii
619 1986 736 2028 trans
758 1983 978 2027 Ciminiam
1003 1982 1149 2026 silvam
1170 1986 1372 2040 quantum
1400 1981 1487 2025 Ro-

168 2062 246 2091 mae
278 2052 480 2091 terrorem
514 2047 684 2100 fecerat,
718 2054 805 2091 tam
840 2046 978 2091 laetam
1010 2047 1161 2091 famam
1194 2046 1238 2089 in
1271 2045 1484 2089 Samnium
1544 2080 1547 2083 .

168 2110 222 2154 ad
260 2110 402 2155 hostes
442 2110 627 2156 tulerat:
662 2111 936 2155 interclusum
977 2111 1211 2155 Romanum
1254 2109 1482 2153 exercitum

167 2174 347 2220 obsideri
377 2175 588 2234 cladisque
612 2175 834 2234 imaginem
862 2174 1066 2220 Furculas
1095 2173 1306 2218 Caudinas
1330 2188 1485 2218 memo-

166 2238 326 2295 rabant,
368 2239 513 2285 eadem
552 2240 791 2286 temeritate
831 2238 992 2284 avidam
1031 2238 1278 2284 ulteriorum
1318 2252 1483 2296 semper
