1649 2452
532 71 644 110 LIB.
674 71 750 110 VI.
779 72 877 109 9-1
890 72 921 109 1.
1313 71 1387 108 381

73 125 524 224 &tgsaegiimpletisque
563 164 687 209 fossis
728 164 850 210 scalae
890 162 1097 208 admotae.
1127 164 1171 206 et
1211 161 1391 207 clamore

72 232 208 290 primo
222 230 466 288 impetuque
480 228 680 287 oppidum
696 229 872 287 capitur.
921 226 1149 299 Nepesinis
1169 225 1267 270 inde
1282 225 1390 270 edic·
1405 235 1431 272 4

72 299 167 339 tum
194 297 245 339 ut
271 309 387 338 arma
411 297 584 352 ponant,
615 293 813 352 parcique
835 295 1005 365 jussum
1029 290 1190 344 inermi,
1218 289 1393 334 Etrusci

71 359 230 417 pariter
256 358 407 403 armati
433 362 561 417 atque
581 358 762 403 inermes
783 356 894 402 caesi.
954 355 1266 427 Nepesinorum
1289 368 1393 413 quo·
1409 364 1432 401 5

71 438 154 482 que
184 427 378 468 auctores
408 422 633 468 deditionis
669 422 807 467 securi
844 420 1044 479 percussi,
1073 418 1254 463 innoxiae
1289 418 1394 463 mul·

70 486 246 532 titudim'
264 487 439 532 redditae
459 502 526 532 res
543 486 827 545 oppidumque
852 500 948 530 cum
968 483 1165 542 praesidio
1185 483 1390 528 relictum.

72 552 143 597 Ita
176 551 339 597 duabus
369 552 496 597 sociis
525 551 702 596 urbibus
733 566 787 596 ex
823 550 944 594 hoste
978 547 1160 606 receptis
1190 548 1392 593 victorem
1409 554 1432 592 6

70 616 304 662 exercitum
339 616 501 662 tribuni
531 631 626 660 cum
659 630 813 672 magna
844 613 977 673 gloria
1005 613 1187 657 Romam
1216 611 1394 657 reduxe-

70 684 185 724 runt.
246 679 408 725 Eodem
444 694 553 724 anno
581 679 633 724 ab
661 678 829 723 Latinis
865 677 1146 734 Hernicisque
1177 691 1246 721 res
1275 691 1394 734 repe-
1410 684 1431 723 7

70 744 163 789 titae
184 745 504 803 quaesitmnqoe,
526 759 602 789 cur
628 758 704 800 per
732 757 802 787 eos
832 757 963 786 annos
989 741 1164 785 militem
1193 756 1245 785 ex
1272 740 1394 785 insti-

69 814 168 853 tuto
201 824 288 854 non
319 808 547 853 dedissent.
610 807 881 864 Responsum
920 805 1133 863 frequenti
1170 805 1393 863 utriusque
1410 814 1433 851 8

69 873 212 932 gentis
232 873 407 924 concilio
435 876 514 926 est,
535 887 614 917 nec
635 871 800 929 culpam
827 871 872 915 in
892 885 942 915 eo
966 869 1175 928 publicam
1196 885 1275 914 nec
1295 885 1394 914 cou-

69 937 211 982 silium
231 937 374 992 fuisse,
395 936 508 996 quod
536 951 625 981 suae
649 935 888 994 juventutis
919 934 1048 993 aliqui
1079 933 1191 992 apud
1213 933 1393 979 Vulscos

69 1001 369 1047 militaverint:
411 1016 483 1046 eos
522 1005 667 1046 tamen
709 1000 824 1058 ipsos
863 999 984 1057 pravi
1024 998 1188 1044 consilii
1227 1013 1393 1057 poenam

68 1065 224 1112 habere
253 1081 332 1111 nec
366 1081 617 1124 quemquam
653 1080 706 1110 ex
740 1064 806 1109 his
841 1063 1038 1108 reducem
1073 1079 1178 1108 esse.
1239 1063 1392 1108 Militis
1409 1072 1432 1108 9

69 1135 213 1176 autem
247 1146 333 1176 non
365 1131 454 1175 dati
484 1145 651 1175 causam
682 1133 884 1174 terrorem
918 1127 1141 1173 adsiduum
1171 1143 1196 1171 a
1222 1127 1393 1172 Vulscis

69 1195 215 1248 fuisse,
246 1211 371 1254 quam
401 1199 565 1253 pestem
596 1194 878 1239 adhaerentem
909 1193 1032 1238 lateri
1063 1207 1140 1238 suo
1170 1196 1238 1237 tot
1267 1207 1395 1250 super

70 1259 153 1304 alia
173 1260 264 1304 aliis
294 1259 413 1304 bellis
444 1259 655 1304 exhauriri
684 1260 897 1317 nequisse.
960 1258 1069 1306 Quae
1099 1257 1234 1302 relata
1262 1257 1394 1315 patri·
1411 1265 1460 1304 10

70 1323 150 1369 bus
170 1325 305 1382 magis
325 1329 493 1381 tempus
515 1338 640 1381 quam
660 1338 829 1368 causam
849 1338 936 1368 non
954 1323 1045 1367 visa
1064 1321 1163 1367 belli
1182 1320 1349 1367 habere.

129 1389 379 1446 Insequenti
419 1389 642 1432 anno—A.
664 1388 827 1433 Manlio
867 1388 916 1432 P.
948 1387 1143 1432 Cornelio
1184 1387 1231 1431 Τ.
1254 1390 1298 1432 et
1339 1388 1384 1431 L.
1411 1393 1504 1449 (11)

70 1453 280 1508 Quinctiis
302 1452 552 1511 Capitolinis
572 1453 624 1498 L.
644 1454 816 1511 Papirio
839 1452 1022 1498 Cursore
1049 1453 1204 1497 iterum
1226 1451 1274 1496 C.
1299 1452 1394 1496 Ser-

67 1520 141 1578 gio
171 1519 326 1564 iterum
356 1519 538 1564 tribunis
569 1518 778 1564 consulari
807 1523 1206 1577 potestate—grave
1236 1516 1393 1562 bellum

70 1585 186 1638 foris,
207 1585 375 1642 gravior
395 1583 507 1628 domi
523 1583 673 1628 seditio
690 1587 856 1628 exorta:
888 1583 1043 1628 bellum
1065 1582 1116 1627 ab
1131 1582 1300 1627 Vulscis
1322 1582 1394 1626 ad-

64 1647 218 1706 juncta
238 1648 488 1693 Latinorum
510 1652 636 1706 atque
658 1648 940 1693 Hernicorum
969 1647 1217 1699 desectione,
1239 1646 1391 1690 seditio

68 1711 241 1757 —unde
261 1712 432 1756 minime
452 1712 592 1757 timeri
620 1713 846 1770 potuit—a
866 1713 1053 1770 patriciae
1074 1711 1214 1770 gentis
1238 1710 1328 1754 viro
1348 1716 1392 1755 et

68 1776 236 1836 inclytae
257 1777 379 1820 famae
401 1776 464 1820 M.
480 1775 642 1820 Manlio
664 1776 915 1834 Capitolino.
979 1776 1067 1824 Qui
1088 1775 1242 1820 nimius
1263 1774 1391 1819 animi
1409 1783 1432 1819 2

69 1857 201 1899 quum
237 1841 340 1885 alios
376 1841 584 1898 principes
620 1845 856 1898 sperneret,
892 1841 968 1885 um‘
1002 1840 1209 1884 invideret
1239 1840 1392 1884 eximio

69 1904 195 1950 simul
221 1905 452 1950 honoribus
479 1910 607 1962 atque
635 1905 866 1949 virtutibus
895 1905 959 1949 M.
982 1904 1124 1956 Furio,
1155 1919 1265 1962 aegre
1285 1904 1392 1948 fere-

70 1969 143 2014 bat
173 1969 308 2014 solum
336 1985 434 2014 cum
460 1969 507 2013 in
533 1969 851 2028 magistratibus
881 1969 1015 2013 solum
1045 1969 1157 2027 apud
1178 1969 1391 2013 exercitus

69 2049 175 2088 esse,
212 2038 377 2078 tantum
410 2033 499 2091 jam
533 2035 715 2078 eminere
751 2039 800 2078 ut
835 2034 969 2078 isdem
1000 2033 1196 2091 auspiciis
1227 2037 1391 2078 creatos

69 2112 156 2142 non
178 2114 254 2156 pro
276 2098 446 2156 collegis
468 2097 543 2143 sed
563 2113 639 2156 pro
659 2098 862 2143 ministris
884 2097 1047 2151 habeat,
1071 2113 1201 2156 quum
1221 2097 1391 2142 iuterim

69 2162 167 2207 —si
193 2163 287 2222 quis
317 2178 416 2208 vere
443 2163 651 2208 aestimare
682 2163 870 2208 velit—a
897 2162 961 2208 M.
993 2162 1123 2207 Furio
1152 2163 1392 2235 recuperari

69 2227 212 2283 patria
244 2243 298 2274 ex
332 2226 549 2275 obsidione
588 2227 776 2275 hostium
810 2242 898 2275 non
928 2228 1132 2289 potuerit,
1167 2227 1251 2273 nisi
1284 2242 1312 2274 a
1343 2242 1392 2273 se
