1649 2452
502 89 611 129 LIB.
643 87 768 127 VIII.
801 89 969 127 10-12.
1325 91 1402 130 495

80 141 126 175 A.
142 139 287 181 0:887]

80 197 162 242 que
187 181 397 227 Vulscum
423 180 577 238 missis,
606 180 704 240 quia
731 180 804 240 qui
830 194 916 226 non
942 179 1221 225 interfuerant
1250 194 1403 241 pugnae

78 246 132 292 ad
152 245 406 292 credendum
433 247 594 291 temere
614 245 822 291 faciliores
850 248 982 298 erant,
1003 244 1306 290 tumultuarius
1325 262 1403 291 un-

77 310 204 369 dique
242 310 454 356 exercitus
495 309 650 368 raptim
692 309 956 368 conscriptus
997 309 1206 354 convenit.
1287 310 1403 356 Huic
1419 319 1441 355 5

76 375 234 434 agmini
254 375 495 434 Torquatus
516 374 664 420 consul
680 374 735 419 ad
754 374 1140 419 Trifanum—inter
1163 374 1403 419 Sinuessam

75 440 414 498 Menturnasque
439 441 477 486 is
504 440 623 486 locus
651 439 984 484 est—occurrit:
1016 438 1132 496 prius
1162 453 1287 496 quam
1317 454 1402 484 cas-

75 503 154 550 tris
180 503 298 550 locus
326 511 548 563 caperetur
576 504 750 550 sarcinis
778 503 991 561 utrimque
1018 503 1063 547 in
1090 517 1285 548 acervum
1305 519 1403 549 con-

71 568 197 628 jectis
225 572 464 629 pugnatum
494 569 833 626 debellatumque
861 571 951 612 est:
985 567 1089 612 adeo
1117 567 1226 612 enim
1257 568 1402 614 accisae

74 647 142 678 res
162 637 276 687 sunt,
298 635 349 678 ut
370 633 533 678 consuli
548 634 751 678 victorem
768 632 999 677 exercitum
1022 631 1074 676 ad
1089 631 1401 690 depopulandos

74 712 199 756 agros
227 712 372 742 eorum
401 697 574 743 ducenti
602 697 803 742 dederent
825 712 870 740 se
899 711 1042 741 omnes
1058 696 1204 741 Latini
1224 696 1402 741 deditio-

73 776 253 820 nemque
274 776 366 806 eam
389 761 592 820 Campani
620 764 909 819 sequerentur.
972 760 1146 805 Latium
1174 760 1400 819 Capuaque
1418 771 1441 808 6

73 840 176 884 agro
205 826 399 871 multati:
432 825 615 870 Latinus
647 840 746 883 ager
777 825 1016 869 Privernati
1046 824 1188 869 addito
1221 840 1323 883 agro
1357 830 1400 870 et

71 889 288 946 Falernus,
324 889 398 948 qui
436 890 581 948 populi
617 889 820 947 Campani
855 890 1006 942 fuerat,
1044 905 1178 947 usque
1214 890 1267 933 ad
1296 890 1402 934 Vul-

71 957 247 999 turnum
267 954 426 999 flumen
445 953 558 1010 plebi
579 953 782 998 Romanae
804 953 1007 998 dividitur
1025 969 1032 997 :
1064 953 1162 998 bina
1181 954 1225 998 in
1245 954 1401 999 Latino

64 1021 219 1076 jugera
237 1018 300 1063 ita
317 1022 368 1063 ut
396 1017 648 1063 dodrantem
670 1034 720 1063 ex
742 1018 981 1062 Privernati
1010 1018 1267 1075 complerent
1288 1018 1400 1072 data,

69 1086 192 1128 terna
217 1083 263 1127 in
290 1082 470 1128 Falerno
499 1082 804 1142 quadrantibus
835 1083 961 1127 etiam
989 1097 1066 1140 pro
1092 1082 1402 1141 longinquitate

71 1147 259 1205 adjectis.
334 1147 471 1192 Extra
510 1163 677 1206 poenam
717 1148 836 1192 fuere
875 1147 1127 1191 Latinorum
1163 1147 1400 1193 Laurentes
1418 1159 1439 1197 7

71 1211 467 1270 Campanorumque
497 1212 675 1271 equites,
710 1211 807 1270 quia
837 1226 922 1256 non
953 1211 1228 1256 desciverant.
1291 1212 1398 1258 Cum
1417 1226 1440 1263 8

70 1275 356 1321 Laurentibus
396 1277 590 1322 renovari
625 1276 762 1321 foedus
795 1276 962 1334 jussum
1002 1285 1312 1335 renovaturque
1348 1294 1401 1323 ex

69 1355 120 1385 eo
142 1341 368 1398 quotannis
392 1345 487 1399 post
508 1341 619 1386 diem
640 1341 848 1386 decimum
874 1341 1152 1386 Latinarum:
1185 1342 1399 1400 equitibus

70 1405 294 1464 Campanis
316 1406 465 1451 civitas
488 1407 678 1450 Romana
705 1405 816 1460 data,
837 1410 1194 1465 monumentoque
1215 1411 1265 1451 ut
1286 1410 1399 1452 esset

69 1485 226 1515 aeneam
255 1469 442 1515 tabulam
471 1470 517 1515 in
546 1471 634 1515 aede
665 1470 854 1515 Castoris
887 1471 1035 1516 Romae
1065 1470 1275 1516 fixerunt:
1307 1487 1399 1517 vec-

67 1533 174 1593 tigal
203 1549 370 1593 quoque
399 1535 460 1580 eis
492 1534 732 1593 Campanus
762 1534 943 1592 populus
969 1535 1115 1593 jussus
1146 1535 1328 1594 pendere
1354 1536 1399 1581 in

68 1597 256 1658 singulos
298 1599 705 1657 quotannis—fuere
745 1604 886 1644 autem
922 1600 1035 1645 mille
1072 1604 1116 1645 et
1151 1601 1400 1646 sexcenti—

68 1662 260 1709 denarios
280 1679 474 1709 nummos
491 1663 800 1724 quadringenos
819 1664 1150 1723 quinquagenos.
1202 1665 1274 1709 Ita
1287 1664 1396 1710 bello
1412 1674 1513 1731 (12)

67 1731 190 1786 gesto
209 1729 392 1786 praemiis
420 1744 624 1788 poenaque
651 1744 728 1787 pro
757 1729 962 1787 cujusque
991 1730 1142 1774 merito
1170 1730 1397 1787 persolutis

67 1792 115 1837 Τ.
137 1792 324 1838 Manlius
345 1793 527 1838 Romam
554 1793 694 1846 rediit,
716 1793 784 1838 cui
804 1793 989 1838 venienti
1019 1793 1204 1838 seniores
1229 1798 1397 1839 tantum

67 1855 232 1902 obviam
272 1858 414 1902 exisse
455 1861 635 1911 constat,
675 1857 945 1916 juventutem
987 1862 1030 1902 et
1067 1862 1171 1904 tunc
1206 1862 1249 1904 et
1285 1860 1398 1904 omni

67 1922 156 1967 vita
191 1921 342 1968 deinde
379 1927 613 1968 aversatam
648 1939 744 1967 eum
781 1927 1137 1982 exsecratamque.
1198 1925 1396 1970 Antiates
1414 1938 1437 1974 2

66 1987 113 2031 in
145 2001 295 2046 agrum
332 1987 574 2033 Ostiensem
609 1987 835 2033 Ardeatem
879 1987 1095 2033 Solonium
1135 1988 1397 2034 incursiones

67 2051 273 2097 fecerunt.
332 2051 523 2098 Manlius
559 2052 718 2105 consul,
752 2052 849 2112 quia
877 2053 969 2110 ipse
1003 2067 1079 2112 per
1111 2053 1395 2099 valetudinem
1414 2068 1437 2105 3

67 2114 113 2160 id
144 2115 302 2162 bellum
336 2117 510 2176 exsequi
548 2117 781 2176 nequierat,
816 2116 1065 2164 dictatorem
1105 2117 1158 2164 L.
1180 2118 1396 2177 Papirium

70 2179 283 2236 Crassum,
313 2181 388 2240 qui
415 2183 510 2227 tum
538 2181 651 2227 forte
681 2185 772 2227 erat
799 2184 966 2240 proetor,
996 2181 1117 2238 dixit,
1146 2182 1199 2229 ab
1226 2197 1277 2228 eo
1306 2197 1394 2228 ma-

70 2243 203 2304 gister
235 2245 427 2305 equitum
455 2245 507 2294 L.
531 2246 726 2308 Papirius
758 2245 917 2293 Cursor
947 2246 1098 2294 dictus.
1159 2247 1281 2295 Nihil
1310 2262 1395 2294 me·
1410 2261 1437 2300 4
