1649 2452
254 97 329 131 640
568 95 612 131 T.
649 93 806 131 leu
834 93 1247 132 HISTORIARUM
1365 146 1409 185 [A
1441 147 1467 177 c
1493 146 1552 179 ²94

251 187 438 244 Peligm's
468 186 520 230 ad
541 187 758 231 Tifernum
791 186 1036 231 Stellatibus
1063 188 1235 244 campis,
1255 187 1343 231 suis
1362 188 1444 245 ipsi
1463 187 1567 245 legi-

251 250 414 304 onibus,
437 251 561 295 mixti
589 251 747 303 alieniS,
775 250 827 295 ab
856 254 1059 309 quattuor
1083 250 1337 296 exercitibus
1365 254 1568 308 quattuor

251 314 428 360 ducibus
450 315 652 359 Romanis
671 315 767 359 eaesi
783 315 964 370 fuerant,
978 314 1273 372 imperatorem
1293 314 1567 360 clarissimum

250 379 390 437 gentis
431 394 517 423 suae
557 379 795 433 amiserant,
832 379 967 423 socios
1002 378 1102 423 belli
1140 379 1346 424 Etruscos
1381 379 1566 424 Umbros

252 442 391 487 Gallos
420 442 466 487 in
493 443 637 487 eadem
664 443 836 487 fortuna
866 442 1066 487 videbant
1101 458 1185 501 qua
1214 443 1296 501 ipsi
1327 447 1459 497 erant,
1490 459 1569 489 nee

251 507 339 551 suis
367 522 445 552 nec
476 507 662 552 externis
691 506 850 551 viribus
870 509 961 563 jam
988 510 1102 551 stare
1128 510 1396 564 poterant—2
1427 511 1570 553 tamen

252 570 359 615 bello
388 586 474 615 non
504 570 799 616 abstinebant:
831 570 935 615 adeo
966 586 1020 615 ne
1047 570 1272 616 infeliciter
1304 571 1472 629 quidem
1497 571 1568 618 de-

250 634 381 679 fensae
411 634 619 680 libertatis
649 634 833 679 taedebat
864 638 908 679 et
937 634 1050 679 vinci
1085 650 1211 692 quam
1239 650 1323 680 non
1358 639 1568 693 temptare

212 703 234 739 8
252 699 470 743 victoriam
499 698 722 744 malebant.
785 699 970 746 Quinam
991 698 1047 742 sit
1073 698 1142 743 ille
1168 714 1289 757 quem
1318 699 1460 757 pigeat
1479 700 1567 745 lon-

253 763 502 821 ginquitatis
529 763 734 808 bellorum
760 762 980 808 scribendo
1006 763 1279 822 legendoque,
1301 779 1394 822 quae
1421 780 1568 823 geren-

254 831 320 871 tes
341 842 427 871 non
447 827 771 886 fatigaverunt?

136 888 241 941 (32)
316 891 370 940 Q.
390 891 568 936 Fabium
587 892 636 937 P.
657 892 836 937 Decium
864 893 913 936 L.
935 891 1180 936 Postumius
1207 892 1418 951 Megellus
1439 896 1482 938 et
1502 893 1567 939 M.

211 961 235 996 2
255 955 413 1000 Atih'us
434 956 627 1015 Regulus
649 956 840 1002 consules
868 956 1039 1014 sequuti
1065 959 1178 1000 sunt.
1240 957 1453 1001 Samnium
1483 972 1569 1002 am-

253 1019 388 1065 bobus
409 1020 579 1066 decreta
598 1021 812 1079 provincia
832 1024 909 1073 est,
934 1020 1033 1079 quia
1058 1023 1147 1064 tres
1175 1020 1356 1079 scriptos
1382 1021 1567 1066 hostium

252 1085 476 1138 exereitus,
498 1100 584 1130 uno
604 1084 819 1129 Etruriam
852 1085 983 1129 altero
1010 1084 1303 1143 populationes
1331 1085 1568 1145 Campaniae

210 1155 234 1193 3
250 1149 400 1206 repeti,
421 1149 597 1194 tertium
622 1149 791 1194 tuendis
818 1149 957 1207 parari
984 1148 1135 1193 finibus
1163 1149 1274 1193 fama
1303 1153 1406 1194 erat.
1466 1150 1569 1195 Pos-

249 1214 433 1258 tumium
471 1213 670 1259 valetudo
711 1213 886 1258 adversa
925 1214 1074 1258 Romae
1113 1213 1265 1269 tenuit,
1300 1215 1458 1260 Atilius
1497 1230 1568 1260 ex-

248 1278 407 1336 templo
428 1279 645 1336 profectus
666 1282 716 1323 ut
737 1279 781 1323 in
804 1278 973 1322 Samnio
1002 1277 1268 1323 hostes-ita
1296 1279 1408 1324 enim
1427 1279 1568 1337 placu-

205 1348 231 1385 4
249 1346 340 1388 erat
381 1343 823 1401 patribus—nondum
853 1357 1069 1401 regressos
1109 1343 1375 1401 opprimeret.
1436 1344 1567 1390 Velut

247 1422 301 1452 ex
321 1408 555 1465 composito
576 1407 635 1452 ibi
654 1407 826 1452 obvium
845 1406 1031 1452 habuere
1052 1406 1230 1460 hostem,
1252 1407 1326 1452 ubi
1347 1411 1390 1453 et
1409 1408 1567 1454 intrare

246 1475 414 1516 vastare
435 1472 518 1529 ipsi
541 1471 792 1516 Samnitium
814 1487 963 1530 agrum
982 1471 1319 1529 prohiberentur,
1337 1476 1381 1517 et
1401 1473 1566 1531 regredi

246 1535 344 1580 inde
368 1536 414 1580 in
440 1539 590 1593 pacata
615 1536 907 1594 sociorumque
934 1535 1080 1593 populi
1109 1535 1291 1580 Romani
1320 1536 1424 1581 fines
1451 1537 1567 1582 Sam—

206 1607 229 1644 5
248 1600 379 1644 nitem
401 1599 687 1657 prohiberent.
751 1599 897 1648 Quum
913 1604 1052 1644 castra
1072 1600 1221 1644 castris
1243 1600 1393 1644 collata
1412 1605 1567 1655 essent,

247 1664 360 1722 quod
380 1665 451 1708 vix
474 1665 692 1708 Romanus
712 1664 870 1708 totiens
890 1663 1026 1708 vietor
1041 1663 1227 1717 auderet,
1246 1665 1337 1709 ausi
1359 1665 1566 1710 Samnites

247 1732 574 1773 sunt—tantum
601 1728 838 1786 desperatio
865 1727 1016 1772 ultima
1039 1728 1291 1773 temeritatis
1321 1728 1566 1774 facit—eas·

247 1797 315 1838 tra
348 1793 542 1838 Romana
575 1807 832 1851 oppugnare,
870 1796 914 1837 et
955 1807 1206 1851 quamquam
1241 1807 1326 1837 non
1360 1793 1478 1838 venit
1514 1793 1566 1837 ad

246 1857 372 1902 finem
404 1861 490 1901 tam
515 1857 651 1902 audax
673 1858 899 1915 inceptum,
920 1860 1064 1901 tamen
1090 1856 1203 1901 haud
1223 1857 1392 1902 omnino
1412 1873 1565 1902 vanum

205 1930 228 1968 6
247 1922 341 1967 fuit.
403 1922 575 1967 Nebula
605 1925 696 1966 erat
731 1921 784 1965 ad
808 1921 989 1966 multum
1018 1921 1101 1966 diei
1127 1921 1257 1966 densa
1283 1922 1386 1967 adeo
1420 1928 1470 1966 ut
1505 1922 1565 1966 lu·

246 1987 306 2031 cis
338 2002 463 2030 usum
494 1986 688 2044 eriperet,
718 2001 804 2030 non
834 1989 1061 2044 prospectu
1097 1985 1221 2030 modo
1256 1990 1377 2030 extra
1409 1986 1562 2031 vallum

246 2051 442 2108 adempto
473 2050 546 2095 sed
578 2051 812 2109 propinquo
838 2050 965 2094 etiam
994 2049 1353 2109 congredientium
1381 2051 1493 2095 inter
1520 2067 1565 2096 se

245 2119 500 2173 conspectu:
534 2115 611 2160 hac
633 2115 750 2159 velut
771 2114 933 2160 latebra
952 2115 1197 2160 insidiarum
1226 2114 1325 2160 freti
1355 2115 1564 2160 Samnites

245 2179 419 2224 vixdum
451 2179 553 2224 satis
585 2184 701 2224 certa
731 2179 825 2224 luce
855 2183 900 2224 et
935 2194 1025 2224 eam
1056 2180 1190 2237 ipsam
1230 2183 1445 2236 premente
1485 2180 1565 2225 cal-
1637 2189 1641 2233 ξ

245 2243 373 2304 ligine
400 2243 453 2289 ad
483 2243 708 2290 stationem
739 2244 974 2290 Romanam
1004 2244 1050 2289 in
1076 2247 1200 2302 porta
1225 2244 1412 2302 segniter
1438 2258 1564 2303 agen-
