1649 2452
221 103 301 141 452
553 102 599 143 T.
620 101 775 141 LIVII
805 102 1222 142 HISTORIARUM

1340 155 1398 195 [A.
1413 155 1450 187 c.
1466 155 1540 206 346.
1626 182 1627 190 ,

221 210 289 241 res
309 197 387 250 est,
410 211 534 254 quem
553 197 711 241 victum
734 196 860 241 armis
887 197 1046 242 socium
1076 212 1130 242 ex
1152 196 1275 241 hoste
1303 196 1460 241 facias:
1493 213 1540 241 m

222 259 364 305 beluas
400 261 644 305 strinximus
675 260 851 304 ferrum:
882 261 1136 306 hauriendus
1170 267 1245 305 aut
1278 260 1441 305 dandus
1475 264 1541 306 est

183 325 403 383 3sanguis.
463 324 715 382 Propulistis
747 339 771 368 a
798 325 958 379 castris,
990 326 1140 383 supina
1168 325 1274 370 valle
1304 325 1541 383 praecipites

220 389 380 446 egistis,
399 390 543 433 stratis
565 387 809 446 corporibus
825 389 1011 434 hostium
1027 389 1303 448 superstatis:
1336 389 1542 447 complete

184 453 363 498 4eadem
385 457 528 512 strage
549 467 716 511 campos
739 468 822 511 qua
848 462 1011 498 montes
1037 453 1246 511 replestis,
1305 453 1452 498 Nolite
1473 468 1542 498 ex-

220 522 422 576 spectare,
441 517 539 561 dum
561 520 722 562 stantes
738 532 813 561 vos
834 517 1024 576 fugiant:
1057 518 1274 563 inferenda
1294 522 1394 562 sunt
1416 518 1539 576 signa

182 587 206 624 5
221 586 263 627 et
284 581 520 627 vadendum
544 582 589 626 in
615 580 822 626 hostem.”
883 582 966 626 His
995 581 1360 627 adhortationibus
1385 582 1541 626 iterum

220 647 354 691 coorti
382 646 543 704 pellunt
569 645 661 691 loco
688 646 846 704 primos
873 646 1107 701 manipulos
1137 646 1366 697 Gallorum,
1392 646 1537 690 cuneis

182 710 369 755 6deinde
403 711 448 755 in
477 709 661 755 medium
697 726 847 768 agmen
881 713 1172 768 perrumpunt.
1233 709 1340 754 Inde
1374 709 1542 754 barbari

220 775 423 832 dissipati,
458 774 609 832 quibus
640 790 720 819 nec
760 779 876 819 certa
905 775 1080 832 imperia
1109 789 1187 819 nec
1217 773 1344 818 duces
1385 777 1539 827 essent,

219 843 391 884 vertunt
421 839 627 897 impetum
655 839 700 883 in
728 855 839 894 suos,
868 839 1036 897 fusique
1066 855 1141 897 per
1168 853 1335 896 campos
1367 844 1410 882 et
1437 854 1542 895 prae-

219 906 286 948 ter
326 907 466 948 castra
498 904 624 948 etiam
658 919 735 947 sua
768 904 872 962 fuga
906 904 1081 961 praelati,
1115 902 1229 961 quod
1265 902 1543 947 editissimum

220 968 332 1012 inter
362 968 542 1026 aequales
572 968 758 1013 tumulos
790 968 1035 1013 occurrebat
1067 968 1211 1021 oculis,
1244 983 1381 1012 arcem
1413 967 1542 1012 Alba-

182 1037 203 1079 7
219 1049 315 1077 nam
337 1037 500 1091 petunt.
564 1033 723 1077 Consul
751 1048 836 1077 non
862 1033 975 1077 ultra
995 1037 1133 1078 castra
1158 1033 1422 1091 insequutus,
1445 1047 1543 1090 qma

218 1101 261 1142 et
292 1101 444 1142 vulnus
481 1097 736 1154 degravabat
771 1101 814 1142 et
851 1098 1059 1155 subjicere
1096 1098 1329 1142 exercitum
1363 1096 1542 1141 tumulis

218 1162 269 1206 ab
290 1162 413 1207 hoste
433 1162 648 1220 occupatis
669 1161 851 1216 nolebat,
870 1162 1011 1219 praeda
1031 1162 1144 1206 omni
1165 1166 1397 1206 castrorum
1419 1161 1542 1205 militi
1622 1193 1623 1197 η

218 1226 316 1270 data
345 1227 547 1271 victorem
578 1227 809 1271 exercitum
840 1225 1171 1284 opulentumque
1204 1225 1372 1270 Gallicis
1399 1225 1541 1282 spoliis
1612 1224 1615 1247 ³

181 1290 398 1335 8Romam
437 1291 619 1335 reduxit.
701 1291 870 1335 Moram
909 1291 1125 1347 triumpho
1166 1289 1319 1334 vulnus
1359 1289 1542 1334 consulis

216 1355 381 1410 adtulit,
417 1355 643 1413 eademque
679 1370 806 1400 causa
837 1355 1055 1400 dictatoris
1088 1354 1339 1399 desiderium
1377 1354 1543 1398 senatui

216 1420 328 1475 fecit,
369 1423 418 1464 ut
453 1424 565 1465 esset
602 1420 672 1478 qui
708 1419 831 1477 aegris
868 1419 1112 1464 consulibus
1150 1419 1321 1464 comitia
1354 1418 1540 1464 haberet.

179 1484 411 1528 9Dictator
449 1485 500 1528 L.
531 1484 685 1529 Furius
729 1484 931 1528 Camillus
975 1483 1114 1529 dictus
1156 1483 1299 1527 addito
1340 1483 1542 1541 magistro

215 1549 406 1606 equitum
434 1549 482 1593 P.
508 1549 702 1593 Cornelio
733 1549 927 1606 Scipione
955 1547 1138 1593 reddidit
1169 1547 1359 1606 patribus
1379 1562 1543 1605 posses-

215 1613 375 1657 sionem
406 1614 625 1670 pristinam
657 1613 926 1658 consulatus:
959 1613 1049 1671 ipse
1087 1612 1140 1657 ob
1171 1611 1215 1656 id
1250 1612 1447 1656 meritum
1478 1612 1543 1656 in-

215 1678 332 1735 genti
354 1684 521 1734 patrum
551 1677 692 1722 studio
720 1682 887 1722 creatus
917 1677 1064 1722 consul
1089 1677 1291 1736 collegam
1311 1679 1392 1735 Ap.
1416 1676 1543 1722 Clau-

217 1742 333 1786 dium
356 1742 555 1787 Crassum
576 1741 696 1786 dixit.

104 1809 206 1860 (25)
276 1806 528 1864 Priusquam
567 1807 723 1851 inirent
762 1807 860 1851 novi
896 1806 1088 1852 consules
1123 1806 1430 1865 magistratum,
1469 1807 1542 1852 tri·

216 1871 398 1928 umphus
426 1886 451 1915 a
479 1871 639 1930 Popilio
668 1871 720 1916 de
749 1871 878 1916 Gallis
901 1877 1021 1916 actus
1049 1886 1200 1928 magno
1229 1871 1372 1915 favore
1393 1870 1540 1928 plebis,

211 1939 534 1994 mussantesque
568 1936 680 1980 inter
715 1951 761 1980 se
797 1935 1052 1993 rogitabant,
1089 1951 1191 1980 num
1227 1951 1353 1993 quem
1391 1935 1542 1993 plebeii

212 2000 394 2044 consulis
426 2001 676 2058 poeniteret:
713 2000 838 2044 simul
872 2000 1117 2045 dictatorem
1150 2000 1435 2058 increpabant,
1469 2000 1542 2058 qui

209 2063 315 2122 legis
343 2064 517 2110 Liciniae
545 2068 697 2123 spretae
727 2064 963 2109 mercedem
992 2064 1258 2110 consulatum
1288 2065 1539 2123 privataque

210 2127 441 2185 cupiditate
477 2145 602 2188 quam
632 2129 800 2188 publica
827 2129 983 2187 injuria
1011 2128 1230 2174 foediorem
1260 2129 1457 2188 cepisset,
1489 2133 1539 2174 ut

210 2209 255 2238 se
284 2194 374 2252 ipse
411 2195 624 2239 consulem
661 2194 844 2240 dictator
873 2198 1048 2240 crearet.
1109 2196 1261 2239 Annus
1291 2194 1437 2240 multis
1467 2210 1538 2239 va·

173 2258 368 2321 2riisque
393 2257 582 2305 motibus
608 2259 690 2305 suit
718 2260 907 2318 insignis.
972 2259 1081 2305 Galli
1109 2275 1161 2306 ex
1182 2259 1358 2306 Albanis
1385 2259 1539 2306 monti-
