1649 2452
593 111 704 152 ΜΒ.
738 112 815 152 ΙΧ.
848 114 912 159 36,
934 112 996 154 37.
1375 110 1455 154 583

137 160 185 198 A.
201 164 239 198 c.
258 164 348 205 eoa]

135 221 221 251 non
248 221 445 265 umquam
473 209 599 251 autea
625 206 835 252 exereitus
866 205 916 250 ad
947 205 1137 250 Sutrium
1165 205 1291 258 venit,
1322 221 1457 263 neque

135 286 159 316 e
180 270 294 316 silvis
321 270 615 315 tantummodo
643 275 836 328 promota
855 274 994 316 castra
1015 269 1088 315 sed
1109 271 1235 315 etiam
1257 270 1458 315 aviditate

134 333 359 380 dimicandi
380 350 504 394 quam
525 335 706 393 primum
727 335 772 380 in
792 350 959 393 campos
981 334 1119 379 delata
1143 335 1275 379 acies:
1309 334 1457 380 deinde

134 398 343 444 instructa
377 399 511 458 primo
542 414 619 444 suo
650 403 762 444 stare
792 400 884 444 loeo
919 399 1065 444 relicto
1097 399 1281 443 hostium
1313 398 1365 442 ad
1395 400 1458 443 in-

134 462 384 508 struendum
425 466 573 508 eontra
612 465 761 522 spatio,
803 464 911 516 dein,
955 468 1176 522 postquam
1224 463 1458 509 detractare

133 527 299 573 hostem
329 541 497 573 sensere
525 543 722 587 pugnam,
744 527 797 572 ad
822 528 977 572 vallum
1006 527 1215 572 subeunt:
1246 527 1320 572 ubi
1344 531 1459 586 post-

134 607 259 650 quam
286 593 491 637 stationes
520 608 687 650 quoque
716 596 907 651 receptas
935 592 1048 636 intra
1074 592 1336 637 munimenta
1365 607 1459 637 sen-

134 671 238 710 sere,
282 656 439 702 elamor
479 660 653 714 repente
690 657 800 702 eirca
835 655 962 702 duces
998 659 1117 701 ortus
1151 660 1200 701 ut
1236 672 1285 701 eo
1321 656 1400 701 sibi
1435 673 1459 702 e

133 721 285 766 castris
316 721 473 766 cibaria
502 725 594 779 ejus
625 721 708 766 diei
737 720 891 766 deferri
916 721 1126 779 juberent,
1163 736 1381 766 mansuros
1413 737 1458 767 se

133 784 213 830 sub
254 786 380 831 armis
415 789 459 831 et
496 789 570 830 aut
605 789 729 830 nocte
765 787 839 830 aut
875 790 989 831 certe
1024 786 1117 830 luce
1153 788 1286 844 prima
1320 789 1459 831 castra

133 849 320 895 hostium
341 851 572 895 invasuros.
634 849 780 894 Nihilo
807 850 988 908 quietior
1007 850 1226 895 Romanus
1247 851 1456 896 exercitus
1472 857 1495 893 2

131 914 307 972 imperio
338 915 457 960 ducis
495 915 760 960 continetur:
794 914 954 959 decima
989 920 1079 960 erat
1115 915 1202 960 fere
1239 914 1321 960 diei
1355 916 1458 960 hora

133 994 261 1037 quum
282 979 422 1024 eibum
443 995 591 1038 capere
619 978 763 1024 consul
793 978 948 1024 milites
966 979 1101 1038 jubet,
1125 980 1315 1039 praecipit
1342 984 1392 1024 ut
1414 980 1458 1024 in

132 1043 258 1088 armis
289 1044 386 1097 sint,
420 1059 683 1102 quacumque
714 1043 794 1088 dici
828 1043 1017 1088 noctisve
1047 1043 1150 1088 hora
1184 1044 1352 1103 signum
1387 1044 1458 1089 de-

131 1107 254 1152 derit.
315 1108 469 1152 Paucis
496 1107 652 1152 milites
681 1107 933 1166 adloquitur‚
967 1109 1216 1153 Samnitium
1248 1108 1356 1154 bella
1385 1119 1493 1155 err-3

130 1171 257 1226 tollit,
289 1172 426 1217 elevat
456 1170 674 1225 Etruscos,
707 1187 785 1216 nce
814 1171 979 1217 hostem
1011 1173 1125 1218 hosti
1153 1189 1232 1218 nec
1265 1173 1457 1218 multitu-

131 1236 271 1282 dinem
306 1236 570 1282 multitudini
606 1236 927 1294 comparandam
963 1237 1022 1282 ait
1058 1253 1174 1283 esse:
1221 1241 1375 1296 praeter
1408 1253 1458 1282 ea

130 1301 264 1346 telum
285 1301 399 1346 aliud
419 1301 631 1347 occultum
650 1301 833 1346 scituros
854 1301 898 1346 in
918 1306 1120 1360 tempore,
1136 1302 1247 1347 inter
1263 1318 1312 1347 ea
1326 1303 1458 1347 taceri

130 1380 236 1424 opus
277 1382 382 1411 esse.
463 1367 548 1412 His
589 1365 834 1424 ambagibus
875 1366 996 1424 prodi
1037 1367 1258 1412 simulabat
1299 1368 1454 1421 hostes,
1477 1377 1494 1411 {-

130 1444 214 1488 quo
243 1431 406 1475 animus
436 1431 617 1475 militum
644 1430 917 1475 multitudine
945 1432 1120 1476 territus
1148 1433 1456 1485 restitueretur,

130 1499 186 1548 et,
210 1494 323 1552 quod
343 1495 433 1540 sine
453 1496 714 1540 munimento
743 1494 1023 1549 considerant,
1048 1497 1137 1541 veri
1158 1495 1334 1541 similius
1363 1502 1457 1541 erat

129 1559 242 1617 quod
283 1559 571 1605 simulabatur.
649 1559 798 1604 Curati
839 1561 932 1605 cibo
973 1576 1148 1619 corpora
1183 1561 1316 1619 quieti
1355 1561 1492 1606 dant5

129 1627 174 1668 et
207 1628 359 1682 quarta
388 1624 475 1669 fere
505 1623 649 1683 vigilia
684 1625 773 1669 sine
809 1625 1000 1669 tumultu
1035 1626 1208 1671 excitati
1244 1638 1359 1670 arma
1393 1641 1456 1671 ca-

127 1689 276 1747 piunt:
310 1688 491 1734 dolabrae
531 1687 746 1734 calonibus
788 1689 1035 1734 dividuntur
1076 1690 1128 1735 ad
1168 1689 1323 1734 vallum
1361 1702 1458 1748 pro-

127 1753 337 1798 ruendum
379 1753 597 1812 fossasque
637 1752 895 1811 implendas:
941 1754 1054 1799 intra
1092 1756 1355 1799 munimenta
1393 1755 1458 1799 in-

128 1818 313 1862 struitur
354 1818 477 1870 aeies,
516 1817 688 1863 delectae
731 1818 925 1863 cohortes
967 1819 1020 1863 ad
1060 1824 1276 1877 portarum
1317 1819 1456 1864 exitus

128 1882 411 1928 collocantur:
446 1881 545 1926 dato
574 1882 725 1927 deinde
753 1883 874 1941 signo
903 1883 1026 1941 paulo
1049 1889 1145 1928 autc
1174 1884 1321 1936 lucem,
1345 1884 1457 1943 quod

128 1948 285 1992 aestivis
326 1947 522 1992 noctibus
564 1949 712 2005 sopitae
751 1948 931 1992 maxime
973 1949 1126 2005 quictis
1167 1954 1335 2007 tempus
1377 1954 1455 2002 est,

129 2015 304 2070 proruto
325 2012 434 2056 vallo
456 2012 596 2069 erupit
618 2012 740 2065 acies,
765 2016 921 2056 stratos
944 2013 1099 2070 passim
1120 2013 1280 2058 invadit
1300 2014 1456 2068 hostCS,

129 2076 232 2121 alios
254 2075 488 2121 immobiles
511 2076 613 2121 alios
636 2077 908 2121 semisomnos
932 2078 974 2121 in
995 2077 1204 2122 cubilibus
1225 2078 1312 2123 suis
1339 2092 1456 2122 max-

129 2140 255 2187 imam
296 2145 460 2198 partem
504 2140 557 2185 ad
598 2157 714 2185 arma
752 2140 1013 2199 trepidantes
1046 2141 1179 2187 caedes
1220 2143 1454 2201 oppressit:

129 2205 274 2264 paucis
305 2204 493 2250 armandi
523 2220 569 2250 se
599 2204 749 2250 datum
780 2205 964 2264 spatium
994 2209 1085 2251 est:
1118 2216 1189 2251 cos
1224 2204 1338 2266 ipsos
1371 2222 1457 2252 non

130 2269 299 2329 signum
326 2276 490 2316 certum
521 2285 606 2316 non
636 2270 786 2316 ducem
814 2274 1040 2330 sequentes
1068 2270 1208 2317 fundit
1239 2272 1456 2318 Romanus
