1649 2452
246 104 326 146 396
556 106 601 146 Τ.
633 104 783 146 LIVII
815 102 1234 145 HISTORIARUM
1358 154 1402 199 [Α
1429 158 1455 190 c
1481 153 1556 192 3⁷⁸·

244 203 333 246 tras
353 199 553 245 adversus
573 201 729 258 majora
749 215 866 257 paene
887 199 1041 244 auxilia
1055 198 1408 244 Praenestinorum
1431 215 1557 257 quam

243 264 376 323 ipsam
397 265 637 310 colonorum
667 263 978 309 multitudinem
1011 263 1195 309 secundo
1226 263 1370 321 proelio
1398 279 1558 321 pugna-

244 332 336 373 tum
366 332 431 374 est
458 329 530 382 ita,
559 332 609 373 ut
637 328 925 386 propinquitas
955 328 1072 372 urbis
1101 327 1214 372 host-i
1245 332 1288 371 et
1319 343 1445 372 causa
1473 342 1559 371 ma-

244 393 416 437 turioris
453 393 563 451 sugae
599 396 641 437 et
677 407 806 436 unum
850 407 902 436 ex
942 392 1044 450 fuga
1083 391 1393 449 receptaculum
1433 395 1559 435 esset.

205 461 227 497 3
246 458 402 516 Oppidi
422 457 733 516 oppugnatione
760 456 921 502 tribuni
941 457 1193 512 abstinuere,
1216 456 1313 515 quia
1339 462 1383 502 et
1408 471 1560 514 anceps

246 528 335 567 erat
366 537 443 567 nec
472 523 517 566 in
550 521 772 579 perniciem
805 521 975 565 coloniae
1012 520 1282 579 pugnandum
1319 521 1559 566 censebant.

207 590 232 625 ‘1-
247 586 424 631 Litterae
443 586 622 630 Romam
646 584 698 629 ad
718 589 911 630 senatum
933 600 1028 629 cum
1056 585 1241 629 victoriae
1269 585 1430 630 nuntiis
1458 584 1562 629 acri-

246 665 341 695 ores
362 651 406 694 in
425 649 732 694 Praenestinum
754 664 874 707 quam
904 649 948 693 in
975 648 1240 693 Veliternum
1269 649 1432 694 hostem
1464 649 1562 693 mis-

246 730 330 759 sae:
362 714 504 772 itaque
526 729 578 758 ex
599 718 769 758 senatus
791 713 983 758 consulto
1013 713 1240 771 populique,
1254 713 1377 770 jussu
1405 713 1560 758 bellum

245 779 516 824 Praenestinis
537 777 754 832 indictum,
777 777 846 836 qui
876 778 1091 836 conjuncti
1120 777 1289 822 Vulscis
1321 792 1429 822 anno
1454 777 1562 822 inse·

247 847 400 901 quente
430 842 650 895 Satricum,
681 841 883 886 coloniam
913 842 1056 900 populi
1084 842 1264 886 Romani
1293 841 1564 899 pertinaciter

246 922 271 952 a
297 907 453 952 colonis
484 906 710 960 defensam,
732 906 775 950 vi
805 907 1102 965 expugnarunt
1134 906 1324 964 foedeque
1353 906 1398 950 in
1429 905 1562 963 captis

207 979 229 1015 5
247 987 468 1016 exercuere
489 970 720 1015 victoriam.
781 970 884 1015 Eam
907 987 994 1015 rem
1017 987 1126 1029 aegre
1155 971 1267 1026 passi
1296 970 1477 1015 Romani
1497 970 1561 1014 M.

245 1035 418 1079 Furium
441 1034 660 1079 Camillum
684 1034 906 1092 septimum
929 1035 1144 1079 'tribunum
1161 1035 1340 1079 militum
1358 1049 1564 1079 creavere.

205 1099 394 1144 6Additi
434 1099 603 1157 collegae
643 1100 695 1143 A.
719 1103 762 1143 et
798 1099 849 1143 L.
874 1100 1079 1143 Postumii
1118 1099 1380 1157 Regillenses
1421 1114 1469 1144 ac
1509 1099 1562 1143 L.

205 1171 229 1212 7
245 1163 398 1208 Furius
427 1179 521 1208 cum
549 1163 600 1208 L.
623 1163 825 1207 Lucretio
856 1169 897 1208 et
927 1164 990 1208 M.
1015 1163 1145 1208 Fabio
1173 1163 1396 1208 Ambusto.
1457 1163 1564 1207 Vul-

205 1238 227 1274 8
247 1243 364 1273 scum
393 1227 547 1272 bellum
579 1228 644 1272 M.
667 1227 795 1271 Furio
824 1232 944 1272 extra
971 1227 1158 1272 ordinem
1189 1227 1417 1272 decretum.
1478 1227 1565 1272 Ad-

239 1295 362 1350 jutor
391 1308 443 1337 ex
473 1291 654 1336 tribunis
681 1296 795 1336 sorte
825 1292 876 1336 L.
901 1292 1054 1336 Furius
1086 1291 1212 1336 datur
1238 1307 1322 1336 non
1353 1297 1440 1336 tam
1468 1307 1492 1336 e
1519 1307 1565 1336 re

246 1357 411 1414 publica
446 1372 568 1414 quam
610 1360 660 1400 ut
698 1355 867 1415 collegae
903 1357 1077 1400 materia
1112 1355 1164 1400 ad
1199 1371 1362 1401 omnem
1400 1355 1566 1400 laudem

245 1424 370 1476 esset,
399 1424 442 1465 et
473 1420 649 1478 publice,
680 1419 791 1478 quod
819 1436 905 1465 rem
936 1420 1175 1465 temeritate
1207 1424 1298 1477 ejus
1329 1421 1563 1479 prolapsam
1640 1436 1649 1470 4

244 1485 447 1540 restituit,
483 1488 527 1529 et
562 1484 768 1542 privatim,
804 1485 916 1543 quod
951 1501 1003 1529 ex
1038 1500 1178 1529 errore
1214 1485 1392 1542 gratiam
1423 1485 1567 1543 potius
1645 1496 1649 1542 ξ

205 1560 228 1597 9
246 1553 338 1606 ejus
360 1549 439 1594 sibi
461 1565 586 1607 quam
607 1564 725 1593 suam
748 1549 922 1608 gloriam
952 1550 1070 1606 petit.
1130 1550 1302 1594 Exactae
1320 1549 1404 1606 jam
1427 1550 1566 1594 aetatis
1648 1567 1649 1586 1

247 1614 446 1659 Camillus
468 1619 558 1659 erat
586 1614 849 1672 comitiisque
875 1615 1016 1671 jurare
1045 1618 1191 1672 parato
1219 1615 1263 1658 in
1287 1614 1415 1658 verba
1441 1629 1568 1659 excu-

248 1680 388 1726 sandae
407 1680 639 1725 valetudini
660 1680 783 1725 solita
810 1695 1037 1725 consensus
1068 1680 1210 1739 populi
1240 1680 1468 1734 restiterat,
1492 1679 1567 1725 sed

247 1750 447 1803 vegetum
467 1745 680 1803 ingenium
709 1744 754 1789 in
774 1745 914 1789 vivido
942 1750 1111 1803 pectore
1132 1744 1301 1804 vigebat
1322 1745 1567 1802 virebatque

250 1810 428 1868 integris
459 1809 663 1863 sensibus,
697 1812 740 1853 et
775 1809 918 1854 civiles
945 1813 1032 1867 jam
1064 1825 1131 1854 res
1166 1808 1279 1853 haud
1313 1825 1567 1868 magnopere

184 1883 230 1920 10
248 1874 471 1918 obeuntem
499 1873 608 1918 bella
639 1873 892 1918 excitabant.
955 1874 1172 1922 Quattuor
1199 1873 1434 1932 legionibus
1466 1889 1568 1929 qua-

248 1942 414 1983 ternum
433 1937 606 1982 millium
630 1938 1044 1996 scriptis——exercitu
1060 1937 1218 1982 indicto
1234 1937 1286 1981 ad
1307 1943 1470 1996 portam
1487 1937 1568 1982 Es-

250 2003 447 2060 quilinam
488 2002 532 2046 in
572 2006 783 2060 posteram
824 2001 1045 2047 diem—ad
1087 2002 1294 2046 Satricum
1335 2002 1565 2061 profectus.

186 2075 229 2113 11
251 2067 317 2112 Ibi
349 2083 444 2111 eum
475 2071 786 2125 expugnatores
821 2067 993 2112 coloniae
1027 2066 1349 2125 haudquaquam
1386 2066 1567 2124 perculsi

252 2131 428 2176 fidentes
459 2131 639 2175 militum
670 2147 857 2186 numero,
891 2146 974 2190 quo
1005 2131 1263 2189 aliquantum
1297 2131 1565 2189 praestabant,

186 2204 235 2241 12
253 2195 589 2254 opperiebantur.
640 2197 868 2255 Postquam
891 2195 1223 2254 adpropinquare
1241 2196 1455 2240 Romanos
1475 2211 1568 2241 sen·

255 2266 415 2319 serunt,
435 2260 645 2319 extemplo
673 2261 716 2306 iu
744 2262 872 2308 aciem
897 2260 1131 2319 procedunt
1150 2259 1255 2306 nihil
1275 2259 1446 2307 dilaturi
1464 2259 1567 2320 quin
