1649 2452
188 139 264 179 646
507 139 554 178 T.
579 137 728 179 LIVII
761 136 1177 178 HISTORIARUM
1297 191 1355 230 [Α.
1372 191 1406 222 ο.
1424 187 1497 224 294.

187 231 435 290 cumagcndi
456 233 577 291 signa
595 232 869 291 vertendique
885 233 1015 278 aciem
1035 232 1087 277 ab
1103 233 1251 278 castris
1272 233 1317 276 in
1335 233 1499 277 hostem

148 296 281 340 osuit.
342 297 451 341 Tum
485 297 555 341 alii
595 297 696 341 alios
736 297 897 342 hortari
935 299 985 341 ut
1025 300 1263 355 repeterent
1302 311 1498 355 pugnam,

188 359 538 419 centurionesque
567 361 618 406 ab
646 361 856 419 signiferis
884 365 1007 419 rapta
1032 361 1153 419 signa
1181 360 1334 405 inferre
1364 364 1407 404 et
1434 375 1500 404 os-

184 423 358 470 tendere
393 424 481 469 suis
517 440 671 483 paucos
707 429 750 469 et
791 425 1006 469 ordinibus
1041 424 1328 483 incompositis
1368 425 1499 468 effusc

147 489 325 533 7venire
364 488 520 533 hostes.
595 489 716 533 Inter
756 490 846 534 haec
885 488 1032 533 consul
1072 504 1218 532 manus
1257 487 1310 532 ad
1349 487 1498 532 coelum

181 551 387 597 adtollens
418 567 520 598 voce
550 552 662 597 clara
695 553 756 597 ita
784 557 834 597 ut
865 553 1136 598 exaudiretur
1165 551 1371 609 templum
1399 551 1497 595 Jovi

183 617 340 662 Statori
367 620 506 672 vovet,
527 617 565 661 si
591 617 852 662 constitisset
873 633 898 661 a
918 617 1020 675 suga
1048 617 1241 661 Romana
1267 616 1376 660 acies
1403 614 1497 660 red—

178 680 475 740 integratoque
495 680 641 739 proelio
662 681 882 726 cecidisset
903 681 1156 738 vicissetque
1176 680 1361 739 legiones
1384 679 1496 723 Sam·

143 744 342 789 8nitium.
405 746 562 790 Omnes
593 744 778 804 undique
810 745 943 790 adnisi
975 745 1027 789 ad
1056 743 1361 789 restituendam
1390 759 1497 802 pug-

177 823 286 864 nam,
319 808 445 854 duces
476 809 645 864 milites,
675 809 865 867 peditum
901 810 1174 868 equitumque
1209 809 1298 853 vis:
1339 822 1496 852 numen

177 873 303 917 etiam
325 872 497 918 deorum
519 874 753 932 respexisse
779 889 930 918 nomen
961 874 1199 918 Romanum
1219 873 1368 926 visum,
1392 871 1497 917 adeo

174 935 296 982 facile
331 938 530 982 inclinata
570 954 636 983 res
676 938 917 997 repulsique
953 953 976 983 e
1013 937 1162 982 castris
1196 936 1353 990 hostes,
1390 951 1493 981 mox

174 1001 302 1046 etiam
336 1002 497 1047 redacti
534 1001 587 1047 ad
619 1018 716 1047 eum
745 1002 880 1047 locum
914 1002 957 1046 in
989 1017 1071 1060 quo
1102 1001 1323 1047 commissa
1352 1016 1494 1060 pugna

173 1069 292 1110 erat:
333 1065 394 1110 ibi
433 1066 652 1125 objacente
694 1067 950 1111 sarcinarum
990 1066 1170 1121 cumulo,
1211 1081 1314 1124 quas
1353 1065 1494 1123 conJe-

172 1133 317 1174 cerant
351 1130 397 1174 in
435 1130 632 1185 medium,
669 1130 828 1176 haesere
867 1131 1069 1188 impediti,
1108 1129 1269 1183 deinde,
1308 1145 1361 1174 ne
1395 1129 1493 1174 diri-

171 1198 373 1252 perentur
412 1211 492 1249 res,
529 1195 673 1241 orbem
714 1198 969 1240 armatorum
1005 1195 1178 1240 sarcinis
1214 1194 1488 1240 circumdant.

134 1259 278 1305 9'I'um
298 1276 397 1306 vero
418 1277 491 1306 eos
512 1277 537 1306 a
562 1261 703 1307 fronte
730 1277 882 1320 urgere
904 1261 1079 1320 pedites,
1103 1261 1155 1306 ab
1175 1264 1296 1320 tergo
1317 1261 1490 1306 circum-

169 1325 280 1370 vecti
301 1326 492 1384 equites:
524 1326 586 1371 ita
608 1326 654 1371 in
681 1326 818 1371 medio
849 1326 944 1371 caesi
975 1326 1195 1384 captique:
1229 1325 1488 1382 captivorum

168 1403 369 1434 numerus
391 1390 472 1434 fuit
494 1396 655 1449 septem
676 1391 852 1435 millium
874 1391 1227 1448 octingentorum,
1250 1389 1323 1447 qui
1343 1405 1487 1434 omnes

169 1453 273 1498 nudi
294 1454 373 1499 sub
387 1456 543 1513 jugum
564 1455 693 1507 missi,
717 1470 846 1500 caesos
868 1454 1072 1499 rettulere
1095 1453 1147 1498 ad
1175 1459 1377 1512 quattuor
1396 1453 1489 1498 mil-

107 1524 152 1562 lo
167 1516 223 1562 lia
243 1518 522 1577 octingentos.
573 1519 643 1564 Ne
664 1519 868 1563 Romanis
887 1517 1053 1577 quidem
1076 1518 1172 1563 laeta
1188 1517 1364 1562 victoria
1378 1518 1485 1562 fuit:

167 1590 410 1628 recensente
442 1583 613 1628 consule
643 1583 771 1628 biduo
803 1587 1016 1641 acceptam
1048 1581 1208 1627 cladem
1239 1583 1485 1626 amissorum

165 1646 345 1692 militum
365 1663 566 1692 numerus
582 1647 740 1692 relatus
758 1653 919 1705 septem
937 1646 1112 1691 millium
1127 1646 1481 1704 octingentorum.

101 1716 145 1755 11
163 1711 336 1755 ——Dum
357 1710 444 1756 haec
464 1711 509 1756 in
528 1712 684 1770 Apulia
703 1711 972 1771 gerebantur,
995 1711 1128 1756 altero
1156 1711 1348 1755 exercitu
1371 1711 1485 1754 Sam·

162 1774 271 1820 nites
299 1775 586 1820 Interamnam
617 1775 821 1821 coloniam
852 1776 1099 1831 Romanam,
1122 1790 1214 1833 quae
1242 1775 1310 1819 via
1329 1773 1484 1820 Latina

161 1843 238 1895 est,
268 1854 474 1898 occupare
505 1840 644 1885 conati
675 1840 821 1884 urbem
852 1855 936 1885 non
966 1842 1225 1885 tenuerunt:
1258 1854 1381 1896 agros
1410 1838 1481 1883 dc·

161 1903 349 1961 populati
379 1919 506 1963 quum
538 1903 720 1962 praedam
752 1905 872 1948 aliam
913 1903 1010 1948 inde
1050 1903 1224 1947 mixtam
1264 1903 1477 1947 hominum

160 1970 288 2026 atque
310 1967 515 2026 pecudum
539 1967 790 2027 colonosque
819 1972 964 2026 captos
996 1971 1182 2027 agerent,
1205 1968 1248 2011 in
1278 1966 1478 2011 victorem

160 2031 352 2077 incidunt
379 2032 592 2077 consulem
619 2032 670 2078 ab
699 2032 880 2077 Luceria
908 2032 1166 2085 redeuntem,
1189 2046 1266 2076 nec
1297 2031 1478 2089 praedam

159 2095 293 2141 solum
325 2097 528 2141 amittunt
559 2095 634 2141 sed
664 2097 744 2155 ipsi
773 2096 899 2154 longo
929 2101 1055 2155 atque
1080 2094 1282 2154 impedito
1313 2095 1477 2153 agmine

94 2166 142 2205 12
158 2160 422 2219 incompositi
444 2160 675 2206 caeduntur.
738 2160 896 2205 Consul
925 2161 1209 2205 Interamnam
1234 2158 1373 2204 edicto
1403 2157 1477 2203 do·

157 2225 278 2270 minis
301 2224 353 2270 ad
374 2241 440 2271 res
463 2240 560 2270 suas
581 2225 812 2270 noscendas
834 2225 1174 2284 recipiendasque
1206 2224 1410 2268 revocatis
1430 2227 1475 2269 ct

156 2289 345 2337 exercitu
371 2289 430 2336 ibi
457 2289 604 2336 relicto
634 2289 900 2337 comitiorum
928 2305 1055 2336 causa
1085 2289 1263 2335 Romam
1292 2291 1358 2335 est
1377 2303 1474 2352 pro·
1536 2306 1545 2315 ·
