1649 2452
530 122 946 166 LIB.V1.14—16.
1323 126 1401 170 387

85 176 131 213 A.
147 174 185 212 G.
200 172 271 213 382

85 221 139 266 da
157 177 417 266 clandlestina
434 218 615 266 evolvas.
679 220 807 269 Quod
826 219 908 266 nisi
926 219 1043 276 facis,
1064 210 1152 266 sive
1178 221 1229 266 ut
1250 220 1404 294 etipse
1420 228 1443 270 7

82 285 128 330 in
147 287 267 344 parte
289 282 438 342 praedae
459 285 517 329 sis
538 284 626 330 sive
647 285 745 344 quia
765 301 918 330 vanum
938 285 1137 330 indicium
1158 289 1237 340 est,
1254 286 1298 330 in
1314 286 1404 330 vin·

83 349 149 395 cla
176 352 221 394 te
243 346 341 394 duci
354 348 514 406 jubebo
535 364 613 394 nec
640 349 800 394 diutius
821 349 958 410 patiar
978 365 1003 394 a
1022 352 1066 394 te
1087 348 1402 395 multitudinem

81 412 220 459 fallaci
240 429 314 472 spe
335 412 578 458 concitari.”
639 413 707 458 Ad
737 430 787 459 ea
814 414 1002 459 Manlius
1030 429 1108 459 nec
1136 430 1181 459 se
1209 414 1406 460 fefellisse
1423 423 1445 460 8

83 478 156 531 ait,
175 489 262 523 non
281 476 481 523 adversus
502 476 903 524 Vulscos--totiens
933 479 1078 523 hostes
1108 479 1304 537 quotiens
1334 495 1407 538 pa-

82 541 219 588 tribus
259 541 596 601 expediat—nec
637 542 839 588 adversus
875 543 1055 589 Latinos
1097 543 1405 602 Hernicosque,

83 623 189 666 quos
209 606 325 669 falsis
347 606 591 651 criminibus
613 607 656 652 in
677 623 793 652 arma
813 614 954 667 agant,
977 608 1051 653 sed
1072 608 1273 653 adversus
1291 623 1335 652 se
1358 623 1406 653 ac

82 671 247 730 plebem
268 671 502 715 Romanam
524 670 772 717 dictatorem
795 676 981 717 creatum
997 687 1109 717 esse:
1138 672 1225 729 jam
1247 672 1402 716 omisso

83 736 204 790 bello,
227 735 342 795 quod
361 736 604 780 simulatum
625 738 695 792 sit,
715 737 760 782 in
781 753 825 782 se
847 737 1051 796 impetum
1072 737 1186 782 fieri:
1211 740 1300 795 jam
1322 736 1407 782 dic-

83 804 266 846 tatorem
287 800 475 859 profiteri
495 801 774 859 patrocinium
794 803 1079 847 feneratorum
1103 801 1302 847 adversus
1324 801 1407 860 ple-

82 865 191 920 bem,
206 866 294 924 jam
315 865 396 910 sibi
416 881 470 910 ex
489 865 632 910 favore
647 866 932 912 multitudinis
948 867 1107 912 crimen
1121 867 1165 911 et
1180 866 1404 925 perniciem

83 930 226 988 quaeri.
287 929 541 975 “offendit”
563 930 701 988 inquit
727 933 820 986 “te,
850 933 903 976 A.
927 931 1113 985 Corneli,
1141 946 1311 990 vosque,
1339 947 1407 990 pa·
1423 939 1446 977 9

82 997 170 1040 tres
191 994 431 1053 conscripti,
453 995 707 1040 circumfusa
727 995 854 1041 turba
873 996 996 1041 lateri
1015 1012 1179 1050 meo—,
1199 996 1301 1054 quin
1316 1011 1407 1040 eam

83 1058 280 1104 diducitis
309 1075 333 1104 a
363 1075 430 1104 me
461 1059 618 1119 singuli
650 1061 804 1105 vestris
834 1060 1060 1113 beneficiis,
1093 1059 1404 1114 intercedendo,

83 1123 302 1169 eximendo
331 1122 383 1169 de
410 1139 540 1169 nervo
569 1124 683 1170 cives
711 1128 888 1178 vestros,
911 1124 1171 1184 prohibendo
1193 1125 1407 1182 judicatos

82 1188 356 1247 addictosque
386 1186 495 1245 duci,
524 1205 577 1234 ex
604 1205 654 1234 eo
683 1189 797 1248 quod
823 1190 941 1235 afluit
969 1189 1120 1248 opibus
1142 1190 1294 1235 vestris
1316 1206 1408 1234 sus-

81 1252 255 1298 tinendo
294 1254 570 1298 necessitates
611 1253 819 1300 aliorum?
857 1253 932 1299 sed
972 1254 1073 1313 quid
1113 1270 1192 1313 ego
1227 1269 1317 1307 VOS,
1353 1253 1406 1299 de

82 1322 224 1364 vestro
259 1318 524 1377 impendatis,
565 1318 737 1363 hortor:
770 1321 928 1364 sortem
969 1319 1149 1378 aliquam
1190 1318 1313 1372 forte,
1357 1318 1408 1363 de

82 1383 219 1441 capite
250 1382 446 1428 deducite
477 1383 590 1442 quod
620 1383 760 1429 usuris
793 1389 1140 1442 pernumeratum
1171 1387 1236 1428 est
1252 1385 1408 1441 2—jam

81 1447 212 1492 nihilo
253 1463 346 1492 mea
384 1447 510 1493 turba
555 1464 680 1507 quam
720 1447 847 1493 ullius
889 1449 1154 1507 conspectior
1191 1448 1286 1492 erit.
1347 1449 1406 1493 At
1428 1458 1473 1495 10

82 1512 193 1557 enim
226 1511 328 1568 quid
362 1512 423 1557 ita
459 1512 573 1558 solus
610 1528 690 1572 ego
731 1512 886 1558 civium
927 1529 1071 1558 curam
1114 1513 1226 1571 ago?
1277 1511 1407 1557 nihilo

82 1576 216 1635 magis
244 1576 359 1633 quod
387 1577 663 1636 respondeam
692 1577 840 1630 habeo,
874 1593 1000 1636 quam
1030 1578 1067 1622 si
1098 1593 1273 1636 quaeras,
1307 1576 1408 1635 quid

82 1640 144 1686 ita
183 1641 296 1686 solus
339 1641 590 1700 Capitolium
628 1657 848 1701 arcemque
890 1642 1155 1687 servaverim.
1217 1641 1275 1686 Et
1315 1646 1407 1686 tum
1427 1651 1471 1688 11

84 1705 290 1750 universis
312 1721 437 1763 quam
465 1706 586 1764 potui
606 1721 728 1764 opem
755 1707 837 1752 tuli
864 1711 908 1752 et
928 1723 1041 1752 nunc
1063 1706 1238 1765 singulis
1260 1706 1405 1751 feram.

85 1769 198 1815 Nam
233 1770 346 1828 quod
377 1769 431 1814 ad
460 1770 682 1816 thesauros
715 1771 897 1816 Gallicos
928 1773 1103 1823 adtinet,
1137 1787 1226 1815 rem
1257 1774 1407 1828 suapte

85 1837 239 1879 natura
268 1834 432 1879 facilem
462 1831 670 1879 difficilem
696 1835 973 1893 interrogatio
1001 1835 1116 1880 facit.
1178 1834 1267 1879 Cur
1297 1835 1405 1879 enim
1427 1844 1477 1881 12

86 1899 286 1957 quaeritis,
325 1899 438 1957 quod
473 1899 624 1944 scitis?
669 1915 757 1953 cur,
796 1899 909 1956 quod
943 1900 988 1944 in
1022 1899 1116 1944 sinu
1151 1902 1294 1944 vestro
1329 1904 1408 1954 est,

85 1964 229 2008 excuti
258 1962 421 2019 jubetis
458 1963 598 2022 potius
636 1980 760 2022 quam
795 1963 973 2022 ponatis,
1008 1963 1091 2008 m'si
1119 1963 1258 2021 aliqua
1291 1964 1408 2008 fraus

90 2027 270 2073 subest?
303 2043 386 2087 quo
406 2030 540 2087 magis
561 2029 682 2088 argui
709 2029 944 2087 praestigias
972 2028 1131 2087 jubetis
1161 2032 1337 2083 vestras,
1359 2044 1409 2074 eo

89 2091 184 2151 plus
205 2108 353 2137 vereor
379 2109 433 2138 ne
461 2092 721 2139 abstuleritis
750 2093 1070 2139 observantibus
1100 2093 1228 2138 etiam
1249 2092 1406 2138 oculos.

87 2157 243 2216 Itaque
273 2173 360 2202 non
389 2173 468 2217 ego
498 2157 618 2203 vobis
647 2162 698 2203 ut
728 2157 907 2203 indicem
938 2158 1098 2217 praedas
1126 2163 1301 2212 vestras,
1334 2158 1408 2203 sed
1428 2168 1474 2204 13

88 2235 162 2266 vos
182 2218 227 2266 id
253 2221 433 2280 cogendi
461 2222 564 2267 estis
592 2226 642 2267 ut
663 2223 706 2267 in
731 2223 915 2267 medium
934 2220 1201 2282 proferatis.’'
1263 2220 1406 2272 Quum
1423 2229 1521 2283 (16)

90 2284 259 2337 mittere
280 2285 478 2353 ambages
499 2287 710 2352 dictatorj
717 2287 867 2337 uberet
887 2293 930 2339 et
953 2292 1027 2338 aut
1042 2302 1243 2358 peragere
1262 2298 1409 2343 verum
