1649 2452
554 51 665 98 LIB.
699 56 802 98 vn.
830 57 1001 99 36-38.
1154 60 1165 69 ⁰
1357 57 1432 98 471

111 114 154 147 Δ.
173 112 209 146 C.
226 109 320 154 3404

112 165 212 206 tura
231 162 356 215 esset,
380 158 511 204 aciem
538 159 713 204 instruit
735 175 744 203 :
777 159 939 215 deinde,
960 158 1185 217 postquam
1211 169 1336 202 nemo
1360 156 1437 202 ob—

110 227 205 271 vius
239 225 342 279 ibat,
375 224 544 269 infestis
580 223 714 281 signis
750 223 803 268 ad
837 226 977 270 castra
1010 221 1198 267 hostium
1234 220 1435 267 succedit.

110 290 180 336 Ibi
200 293 251 335 ut
269 289 447 335 militem
466 289 512 333 in
530 288 640 333 vallo
660 288 780 342 vidit,
799 289 999 347 missique
1019 287 1072 333 ab
1094 286 1207 332 omni
1227 289 1348 345 parte
1369 301 1436 331 ex·
1450 292 1473 330 6

110 355 320 414 ploratum
349 357 586 413 postquam,
610 368 733 412 quam
756 353 802 398 in
823 354 1024 412 exiguum
1055 351 1199 397 orbem
1220 354 1438 398 contracta

111 422 252 465 castra
285 418 746 477 essent—paucitatem
780 418 878 464 inde
908 417 1096 462 hostium
1131 416 1437 475 colligentes—

110 483 381 539 rettulerunt,
402 483 582 528 fremere
603 483 739 527 omnis
760 483 870 528 acies
891 480 1158 541 complendas
1179 496 1273 526 esse
1299 481 1436 526 fossas

110 547 468 606 scindendumque
484 547 639 592 vallum
656 551 700 592 et
716 547 761 592 in
776 551 915 592 castra
935 545 1272 605 irrumpendum:
1301 548 1437 591 trans·

111 615 338 672 actumque
359 628 410 658 ea
433 612 678 658 temeritate
699 611 855 657 bellum
883 612 1008 665 foret,
1027 611 1073 656 ni
1093 610 1221 656 duces
1242 610 1437 656 continu-

108 678 242 723 issent
262 678 470 736 impetum
490 677 685 722 militum.
748 677 974 732 Caeterum‚
993 677 1091 736 quia
1109 675 1339 721 multitudo
1360 691 1437 721 sua
1452 680 1474 720 7

109 743 413 788 commeatibus
441 742 581 801 gravis
609 746 653 787 et
681 742 845 800 prius<
827 712 1010 787 sedendo
1042 741 1094 786 ad
1123 733 1366 787 Suessulam
1392 744 1437 786 et

108 811 203 852 tum
224 808 464 853 certaminis
485 822 603 851 mora
623 806 737 851 haud
757 807 905 864 procul
926 807 979 852 ab
1000 822 1141 852 rerum
1166 807 1353 852 omnium
1373 806 1437 851 in-

108 872 206 931 opia
224 875 350 928 esset,
363 871 534 930 placuit,
558 871 659 915 dum
679 871 866 916 inclusus
887 875 1060 929 paveret
1080 872 1231 925 hostis,
1253 871 1436 916 frumen-

108 940 248 983 tatum
268 952 346 996 per
365 952 490 996 agros
510 936 687 981 militem
712 937 833 982 duci:
866 937 1036 982 iuterim
1058 937 1202 996 quieto
1226 937 1433 990 Romano,

109 1003 183 1061 qui
208 1001 432 1060 expeditus
460 1009 667 1061 quantum
694 1001 881 1047 humeris
901 1002 1013 1047 inter
1034 1017 1150 1047 arma
1176 1001 1268 1060 geri
1290 1006 1434 1060 posset

107 1067 312 1112 frumenti
332 1082 475 1112 secum
496 1066 732 1121 adtulisset,
756 1067 955 1112 defutura
975 1067 1127 1112 omnia.
1186 1066 1347 1112 Consul
1367 1082 1435 1125 pa·
1449 1072 1471 1108 8

107 1131 217 1177 latos
233 1148 308 1191 per
324 1147 448 1191 agros
465 1148 597 1190 quum
613 1132 790 1177 vidisset
810 1132 958 1177 hostes
974 1133 1178 1177 stationes
1194 1132 1436 1190 infrequen-

107 1201 175 1243 tes
195 1198 376 1252 relictas,
406 1198 551 1256 paucis
580 1197 736 1242 milites
764 1196 1015 1243 adhortatus
1041 1197 1095 1242 ad
1115 1201 1253 1242 castra
1274 1213 1437 1256 oppug-

107 1262 248 1307 nanda
276 1262 419 1308 ducit:
452 1278 547 1321 quae
578 1278 709 1321 quum
738 1263 874 1321 primo
905 1263 1086 1308 clamore
1115 1266 1243 1322 atque
1272 1263 1437 1321 impetu

109 1328 290 1386 cepisset
312 1327 502 1386 pluribus
530 1327 715 1372 hostium
738 1328 784 1372 in
803 1328 1000 1373 tentoriis
1021 1328 1109 1373 suis
1132 1343 1258 1386 quam
1278 1328 1324 1372 in
1343 1343 1436 1386 por-

109 1392 166 1436 tis
180 1392 373 1451 valloque
394 1393 526 1446 caesis,
546 1393 668 1451 signa
688 1393 855 1450 captiva
876 1393 921 1437 in
940 1409 1073 1438 unum
1093 1393 1233 1437 locum
1253 1393 1436 1438 conferri

105 1456 248 1515 jussit,
266 1457 509 1515 relictisque
530 1457 694 1502 duabus
715 1457 952 1516 legionibus
968 1457 1172 1504 custodiae
1188 1461 1232 1503 et
1251 1458 1436 1516 praesidii

108 1536 236 1567 causa
263 1522 383 1582 gravi
412 1521 554 1567 edicto
584 1522 758 1567 monitis
789 1527 851 1577 ut,
885 1523 1018 1568 donec
1048 1523 1139 1582 ipse
1173 1523 1432 1577 revertisset,

108 1587 249 1645 praeda
284 1587 561 1638 abstinerent,
594 1587 808 1645 profectus
843 1588 1009 1646 agmine
1043 1589 1268 1642 instructo,
1304 1604 1435 1647 quum

108 1652 348 1710 praemissus
371 1667 498 1710 eques
515 1651 633 1696 velut
653 1651 850 1711 indagine
871 1652 1097 1711 dissipatos
1115 1653 1323 1698 Samnites
1339 1669 1434 1710 age-

106 1719 186 1770 ret,
211 1716 367 1762 caedem
388 1717 604 1775 ingentem
625 1717 739 1762 fecit.
790 1717 904 1762 Nam
923 1733 1074 1776 neque,
1098 1733 1181 1776 quo
1211 1719 1332 1776 signo
1352 1719 1433 1763 coi·
1447 1726 1470 1763 9

106 1785 202 1826 rent
221 1781 333 1826 iuter
354 1797 412 1835 se,
430 1797 579 1840 neque,
597 1785 743 1826 utrum
762 1785 903 1826 castra
918 1786 1112 1840 peterent
1133 1797 1188 1826 an
1201 1782 1434 1842 longiorem

106 1846 377 1892 intenderent
407 1847 565 1905 fugam,
595 1847 757 1891 territis
788 1851 982 1892 constare
1009 1853 1202 1906 poterat:
1246 1852 1434 1894 tantum-

107 1927 189 1971 que
209 1912 322 1970 fugae
336 1927 385 1957 ac
405 1912 641 1957 formidinis
663 1913 746 1956 suit
760 1917 811 1956 ut
830 1912 884 1956 ad
899 1913 1178 1972 quadraginta
1194 1913 1325 1958 millia
1338 1929 1433 1959 scu-

106 1980 576 2036 torum—nequaquam
605 1981 673 2022 tot
703 1977 927 2022 caesis—et
958 1977 1080 2036 signa
1107 1978 1306 2023 militaria
1334 1994 1433 2024 cum

105 2041 186 2094 his,
209 2057 302 2100 quae
322 2042 368 2086 in
394 2042 545 2087 castris
573 2046 697 2101 capta
724 2046 857 2097 erant,
881 2042 934 2087 ad
961 2047 1133 2088 centum
1161 2045 1433 2104 septuaginta

106 2106 162 2150 ad
180 2106 394 2151 consulem
415 2106 695 2152 deferrentur.
756 2108 866 2152 Tum
885 2107 931 2152 in
951 2111 1090 2154 castra
1116 2109 1303 2155 hostium
1323 2109 1431 2156 redi·
1446 2116 1495 2152 10

86 2187 89 2193 ·
105 2172 200 2216 tum
219 2170 362 2230 ibique
381 2171 517 2216 omnis
537 2172 679 2230 praeda
698 2172 823 2218 militi
842 2171 954 2217 data.

164 2235 310 2294 Huius
340 2237 582 2284 certaminis
611 2237 784 2284 fortuna
813 2241 857 2286 et
892 2237 1091 2297 Faliscos,
1122 2255 1254 2301 quum
1288 2241 1333 2290 in
1366 2241 1430 2289 in·
1441 2241 1542 2308 (38)
