<?xml version="1.0" encoding="UTF-8"?>
<!DOCTYPE html PUBLIC "-//W3C//DTD XHTML 1.0 Transitional//EN"
    "http://www.w3.org/TR/xhtml1/DTD/xhtml1-transitional.dtd">
<html xmlns="http://www.w3.org/1999/xhtml" xml:lang="en" lang="en">
 <head>
  <title>
</title>
<meta http-equiv="Content-Type" content="text/html;charset=utf-8" />
  <meta name='ocr-system' content='tesseract 3.04.00' />
  <meta name='ocr-capabilities' content='ocr_page ocr_carea ocr_par ocr_line ocrx_word'/>
</head>
<body>
  <div class='ocr_page' id='page_1' title='image "./historiarum00livyuoft_0293.png"; bbox 0 0 1649 2452; ppageno 0'>
   <div class='ocr_carea' id='block_1_1' title="bbox 135 76 1500 230">
    <p class='ocr_par' dir='ltr' id='par_1_1' title="bbox 135 76 1500 230">
     <span class='ocr_line' id='line_1_1' title="bbox 607 76 1464 115; baseline 0.001 -1"><span class='ocrx_word' id='word_1_1' title='bbox 607 76 718 115; x_wconf 88' lang='lat' dir='ltr'>LIB.</span> <span class='ocrx_word' id='word_1_2' title='bbox 750 77 802 114; x_wconf 90' lang='lat' dir='ltr'><strong>X.</strong></span> <span class='ocrx_word' id='word_1_3' title='bbox 835 77 1007 115; x_wconf 86' lang='lat'><strong>33—35.</strong></span> <span class='ocrx_word' id='word_1_4' title='bbox 1386 78 1464 115; x_wconf 63' lang='lat'><strong>643</strong></span> 
     </span>
     <span class='ocr_line' id='line_1_2' title="bbox 135 130 1500 230; baseline -0.001 -14"><span class='ocrx_word' id='word_1_5' title='bbox 135 130 355 230; x_wconf 44' lang='lat' dir='ltr'><strong>&#39;eiissloffitiu</strong></span> <span class='ocrx_word' id='word_1_6' title='bbox 390 170 444 216; x_wconf 88' lang='lat' dir='ltr'><strong>ad</strong></span> <span class='ocrx_word' id='word_1_7' title='bbox 478 185 524 215; x_wconf 89' lang='lat' dir='ltr'><strong>se</strong></span> <span class='ocrx_word' id='word_1_8' title='bbox 560 170 730 216; x_wconf 85' lang='lat' dir='ltr'><strong>referre.</strong></span> <span class='ocrx_word' id='word_1_9' title='bbox 792 169 882 218; x_wconf 77' lang='lat' dir='ltr'><strong>Qui</strong></span> <span class='ocrx_word' id='word_1_10' title='bbox 916 168 990 214; x_wconf 90' lang='lat' dir='ltr'><strong>ubi</strong></span> <span class='ocrx_word' id='word_1_11' title='bbox 1027 167 1247 213; x_wconf 85' lang='lat' dir='ltr'><strong>redierunt</strong></span> <span class='ocrx_word' id='word_1_12' title='bbox 1286 169 1500 214; x_wconf 76' lang='lat' dir='ltr'><strong>rettule-(3</strong></span> 
     </span>
    </p>
   </div>
   <div class='ocr_carea' id='block_1_2' title="bbox 122 233 1572 2234">
    <p class='ocr_par' dir='ltr' id='par_1_2' title="bbox 129 233 1501 938">
     <span class='ocr_line' id='line_1_3' title="bbox 134 233 1464 294; baseline -0.002 -14"><span class='ocrx_word' id='word_1_13' title='bbox 134 239 318 294; x_wconf 87' lang='lat' dir='ltr'><strong>runtque</strong></span> <span class='ocrx_word' id='word_1_14' title='bbox 351 250 402 280; x_wconf 93' lang='lat' dir='ltr'><strong>eo</strong></span> <span class='ocrx_word' id='word_1_15' title='bbox 437 250 483 280; x_wconf 91' lang='lat' dir='ltr'><strong>se</strong></span> <span class='ocrx_word' id='word_1_16' title='bbox 519 250 766 293; x_wconf 86' lang='lat' dir='ltr'><strong>progressos</strong></span> <span class='ocrx_word' id='word_1_17' title='bbox 800 233 914 278; x_wconf 90' lang='lat' dir='ltr'><strong>unde</strong></span> <span class='ocrx_word' id='word_1_18' title='bbox 948 234 992 278; x_wconf 88' lang='lat' dir='ltr'><strong>in</strong></span> <span class='ocrx_word' id='word_1_19' title='bbox 1027 248 1173 277; x_wconf 83' lang='lat' dir='ltr'><strong>omnes</strong></span> <span class='ocrx_word' id='word_1_20' title='bbox 1206 237 1347 291; x_wconf 79' lang='lat' dir='ltr'><strong>partes</strong></span> <span class='ocrx_word' id='word_1_21' title='bbox 1384 235 1464 279; x_wconf 88' lang='lat' dir='ltr'><strong>cir-</strong></span> 
     </span>
     <span class='ocr_line' id='line_1_4' title="bbox 133 295 1463 359; baseline -0.002 -14"><span class='ocrx_word' id='word_1_22' title='bbox 133 295 402 359; x_wconf 84' lang='lat' dir='ltr'><strong>cumspectus</strong></span> <span class='ocrx_word' id='word_1_23' title='bbox 423 303 548 353; x_wconf 87' lang='lat' dir='ltr'><strong>esset,</strong></span> <span class='ocrx_word' id='word_1_24' title='bbox 563 299 688 356; x_wconf 87' lang='lat' dir='ltr'><strong>longe</strong></span> <span class='ocrx_word' id='word_1_25' title='bbox 711 299 879 358; x_wconf 87' lang='lat' dir='ltr'><strong>lateque</strong></span> <span class='ocrx_word' id='word_1_26' title='bbox 895 297 1109 342; x_wconf 87' lang='lat' dir='ltr'><strong>silentium</strong></span> <span class='ocrx_word' id='word_1_27' title='bbox 1127 312 1176 342; x_wconf 86' lang='lat' dir='ltr'><strong>ae</strong></span> <span class='ocrx_word' id='word_1_28' title='bbox 1193 298 1463 343; x_wconf 79' lang='lat' dir='ltr'>solitudinem</span> 
     </span>
     <span class='ocr_line' id='line_1_5' title="bbox 133 361 1463 422; baseline -0.002 -13"><span class='ocrx_word' id='word_1_29' title='bbox 133 363 299 417; x_wconf 86' lang='lat' dir='ltr'><strong>vidisse,</strong></span> <span class='ocrx_word' id='word_1_30' title='bbox 338 363 552 422; x_wconf 84' lang='lat' dir='ltr'><strong>extemplo</strong></span> <span class='ocrx_word' id='word_1_31' title='bbox 587 363 736 409; x_wconf 78' lang='lat' dir='ltr'><strong>consul</strong></span> <span class='ocrx_word' id='word_1_32' title='bbox 765 363 960 409; x_wconf 78' lang='lat' dir='ltr'>cohortes</span> <span class='ocrx_word' id='word_1_33' title='bbox 991 361 1210 420; x_wconf 84' lang='lat' dir='ltr'><strong>expeditas</strong></span> <span class='ocrx_word' id='word_1_34' title='bbox 1238 362 1284 406; x_wconf 88' lang='lat' dir='ltr'><strong>in</strong></span> <span class='ocrx_word' id='word_1_35' title='bbox 1314 361 1463 407; x_wconf 85' lang='lat' dir='ltr'><strong>urbem</strong></span> 
     </span>
     <span class='ocr_line' id='line_1_6' title="bbox 136 426 1501 485; baseline -0.001 -11"><span class='ocrx_word' id='word_1_36' title='bbox 136 428 319 483; x_wconf 81' lang='lat' dir='ltr'><strong>induxit,</strong></span> <span class='ocrx_word' id='word_1_37' title='bbox 341 432 516 474; x_wconf 85' lang='lat' dir='ltr'><strong>caeteros</strong></span> <span class='ocrx_word' id='word_1_38' title='bbox 548 427 719 473; x_wconf 87' lang='lat' dir='ltr'><strong>iuterim</strong></span> <span class='ocrx_word' id='word_1_39' title='bbox 746 431 886 473; x_wconf 86' lang='lat' dir='ltr'><strong>castra</strong></span> <span class='ocrx_word' id='word_1_40' title='bbox 911 426 1170 472; x_wconf 87' lang='lat' dir='ltr'><strong>communire</strong></span> <span class='ocrx_word' id='word_1_41' title='bbox 1186 426 1329 485; x_wconf 82' lang='lat' dir='ltr'><strong>jussit.</strong></span> <span class='ocrx_word' id='word_1_42' title='bbox 1390 426 1462 472; x_wconf 91' lang='lat' dir='ltr'><strong>In-</strong></span> <span class='ocrx_word' id='word_1_43' title='bbox 1478 432 1501 474; x_wconf 88' lang='grc'><strong>7</strong></span> 
     </span>
     <span class='ocr_line' id='line_1_7' title="bbox 134 492 1462 552; baseline -0.002 -14"><span class='ocrx_word' id='word_1_44' title='bbox 134 493 270 552; x_wconf 82' lang='lat' dir='ltr'><strong>gressi</strong></span> <span class='ocrx_word' id='word_1_45' title='bbox 290 493 444 538; x_wconf 84' lang='lat' dir='ltr'><strong>milites</strong></span> <span class='ocrx_word' id='word_1_46' title='bbox 472 492 666 538; x_wconf 82' lang='lat' dir='ltr'><strong>refractis</strong></span> <span class='ocrx_word' id='word_1_47' title='bbox 694 492 856 538; x_wconf 85' lang='lat' dir='ltr'><strong>foribus</strong></span> <span class='ocrx_word' id='word_1_48' title='bbox 885 506 1042 550; x_wconf 82' lang='lat' dir='ltr'><strong>paucos</strong></span> <span class='ocrx_word' id='word_1_49' title='bbox 1069 506 1220 550; x_wconf 79' lang='lat' dir='ltr'><strong>graves</strong></span> <span class='ocrx_word' id='word_1_50' title='bbox 1240 493 1370 538; x_wconf 81' lang='lat' dir='ltr'><strong>aetato</strong></span> <span class='ocrx_word' id='word_1_51' title='bbox 1388 495 1462 537; x_wconf 76' lang='lat' dir='ltr'><strong>aut</strong></span> 
     </span>
     <span class='ocr_line' id='line_1_8' title="bbox 131 555 1462 616; baseline -0.002 -14"><span class='ocrx_word' id='word_1_52' title='bbox 131 556 335 602; x_wconf 87' lang='lat' dir='ltr'><strong>invalidos</strong></span> <span class='ocrx_word' id='word_1_53' title='bbox 355 557 576 602; x_wconf 88' lang='lat' dir='ltr'><strong>inveniunt</strong></span> <span class='ocrx_word' id='word_1_54' title='bbox 603 556 835 616; x_wconf 88' lang='lat' dir='ltr'><strong>relictaque</strong></span> <span class='ocrx_word' id='word_1_55' title='bbox 863 571 957 614; x_wconf 84' lang='lat' dir='ltr'><strong>quae</strong></span> <span class='ocrx_word' id='word_1_56' title='bbox 985 556 1172 613; x_wconf 84' lang='lat' dir='ltr'><strong>migratu</strong></span> <span class='ocrx_word' id='word_1_57' title='bbox 1197 555 1382 602; x_wconf 72' lang='lat' dir='ltr'><strong>difficilia</strong></span> <span class='ocrx_word' id='word_1_58' title='bbox 1400 570 1462 600; x_wconf 63' lang='grc' dir='ltr'><strong>ω-</strong></span> 
     </span>
     <span class='ocr_line' id='line_1_9' title="bbox 130 620 1462 680; baseline -0.002 -13"><span class='ocrx_word' id='word_1_59' title='bbox 130 625 250 667; x_wconf 86' lang='lat' dir='ltr'><strong>sent:</strong></span> <span class='ocrx_word' id='word_1_60' title='bbox 282 637 333 666; x_wconf 83' lang='lat' dir='ltr'><strong>ea</strong></span> <span class='ocrx_word' id='word_1_61' title='bbox 360 621 526 679; x_wconf 87' lang='lat' dir='ltr'><strong>direpta</strong></span> <span class='ocrx_word' id='word_1_62' title='bbox 552 623 598 666; x_wconf 89' lang='lat' dir='ltr'><strong>et</strong></span> <span class='ocrx_word' id='word_1_63' title='bbox 625 621 843 680; x_wconf 88' lang='lat' dir='ltr'><strong>cognitum</strong></span> <span class='ocrx_word' id='word_1_64' title='bbox 871 636 923 666; x_wconf 85' lang='lat' dir='ltr'><strong>ex</strong></span> <span class='ocrx_word' id='word_1_65' title='bbox 944 620 1123 678; x_wconf 87' lang='lat' dir='ltr'><strong>captivis</strong></span> <span class='ocrx_word' id='word_1_66' title='bbox 1151 623 1230 675; x_wconf 87' lang='lat' dir='ltr'><strong>est,</strong></span> <span class='ocrx_word' id='word_1_67' title='bbox 1251 620 1462 666; x_wconf 88' lang='lat' dir='ltr'><strong>communi</strong></span> 
     </span>
     <span class='ocr_line' id='line_1_10' title="bbox 129 685 1462 744; baseline -0.002 -12"><span class='ocrx_word' id='word_1_68' title='bbox 129 686 303 732; x_wconf 89' lang='lat' dir='ltr'><strong>consilio</strong></span> <span class='ocrx_word' id='word_1_69' title='bbox 323 686 484 744; x_wconf 81' lang='lat' dir='ltr'>aliquot</span> <span class='ocrx_word' id='word_1_70' title='bbox 504 686 616 732; x_wconf 83' lang='lat' dir='ltr'><strong>circa</strong></span> <span class='ocrx_word' id='word_1_71' title='bbox 635 686 763 731; x_wconf 91' lang='lat' dir='ltr'><strong>urbes</strong></span> <span class='ocrx_word' id='word_1_72' title='bbox 791 686 1005 731; x_wconf 82' lang='lat' dir='ltr'><strong>conscisse</strong></span> <span class='ocrx_word' id='word_1_73' title='bbox 1025 685 1185 744; x_wconf 83' lang='lat' dir='ltr'><strong>sugam,</strong></span> <span class='ocrx_word' id='word_1_74' title='bbox 1205 699 1306 730; x_wconf 89' lang='lat' dir='ltr'><strong>suos</strong></span> <span class='ocrx_word' id='word_1_75' title='bbox 1326 685 1462 743; x_wconf 83' lang='lat' dir='ltr'><strong>prima</strong></span> 
     </span>
     <span class='ocr_line' id='line_1_11' title="bbox 129 749 1461 810; baseline -0.001 -15"><span class='ocrx_word' id='word_1_76' title='bbox 129 751 273 810; x_wconf 81' lang='lat' dir='ltr'><strong>vigilia</strong></span> <span class='ocrx_word' id='word_1_77' title='bbox 302 751 532 809; x_wconf 85' lang='lat' dir='ltr'><strong>profectos,</strong></span> <span class='ocrx_word' id='word_1_78' title='bbox 565 749 736 796; x_wconf 88' lang='lat' dir='ltr'><strong>credere</strong></span> <span class='ocrx_word' id='word_1_79' title='bbox 766 750 942 797; x_wconf 84' lang='lat' dir='ltr'><strong>eandem</strong></span> <span class='ocrx_word' id='word_1_80' title='bbox 970 750 1015 794; x_wconf 89' lang='lat' dir='ltr'><strong>in</strong></span> <span class='ocrx_word' id='word_1_81' title='bbox 1043 750 1135 795; x_wconf 79' lang='lat' dir='ltr'><strong>aliis</strong></span> <span class='ocrx_word' id='word_1_82' title='bbox 1161 749 1338 794; x_wconf 85' lang='lat' dir='ltr'>urbibus</span> <span class='ocrx_word' id='word_1_83' title='bbox 1364 749 1461 795; x_wconf 84' lang='lat' dir='ltr'><strong>soli-</strong></span> 
     </span>
     <span class='ocr_line' id='line_1_12' title="bbox 130 813 1497 873; baseline -0.001 -13"><span class='ocrx_word' id='word_1_84' title='bbox 130 815 322 860; x_wconf 77' lang='lat' dir='ltr'><strong>tudinem</strong></span> <span class='ocrx_word' id='word_1_85' title='bbox 351 816 611 860; x_wconf 87' lang='lat' dir='ltr'><strong>inventuros.</strong></span> <span class='ocrx_word' id='word_1_86' title='bbox 671 815 810 860; x_wconf 84' lang='lat' dir='ltr'>Dictis</span> <span class='ocrx_word' id='word_1_87' title='bbox 842 815 1105 873; x_wconf 81' lang='lat' dir='ltr'><strong>captivorum</strong></span> <span class='ocrx_word' id='word_1_88' title='bbox 1140 813 1246 860; x_wconf 66' lang='lat' dir='ltr'><strong>fides</strong></span> <span class='ocrx_word' id='word_1_89' title='bbox 1278 814 1458 868; x_wconf 83' lang='lat' dir='ltr'><strong>exstitit,</strong></span> <span class='ocrx_word' id='word_1_90' title='bbox 1473 825 1497 864; x_wconf 81' lang='grc'><strong>8</strong></span> 
     </span>
     <span class='ocr_line' id='line_1_13' title="bbox 133 879 863 938; baseline 0 -14"><span class='ocrx_word' id='word_1_91' title='bbox 133 879 312 925; x_wconf 83' lang='lat' dir='ltr'><strong>desertis</strong></span> <span class='ocrx_word' id='word_1_92' title='bbox 333 879 498 938; x_wconf 86' lang='lat' dir='ltr'><strong>oppidis</strong></span> <span class='ocrx_word' id='word_1_93' title='bbox 520 879 667 925; x_wconf 89' lang='lat' dir='ltr'><strong>consul</strong></span> <span class='ocrx_word' id='word_1_94' title='bbox 687 879 863 938; x_wconf 88' lang='lat' dir='ltr'><strong>potitur.</strong></span> 
     </span>
    </p>

    <p class='ocr_par' dir='ltr' id='par_1_3' title="bbox 122 943 1572 2234">
     <span class='ocr_line' id='line_1_14' title="bbox 185 943 1572 1010; baseline 0 -21"><span class='ocrx_word' id='word_1_95' title='bbox 185 945 322 989; x_wconf 83' lang='lat' dir='ltr'><strong>Alteri</strong></span> <span class='ocrx_word' id='word_1_96' title='bbox 344 944 505 989; x_wconf 89' lang='lat' dir='ltr'><strong>consuli</strong></span> <span class='ocrx_word' id='word_1_97' title='bbox 526 945 591 988; x_wconf 88' lang='grc' dir='ltr'><strong>Μ.</strong></span> <span class='ocrx_word' id='word_1_98' title='bbox 613 944 745 989; x_wconf 83' lang='lat' dir='ltr'><strong>Atilio</strong></span> <span class='ocrx_word' id='word_1_99' title='bbox 764 959 1025 1003; x_wconf 83' lang='lat' dir='ltr'><strong>nequaquam</strong></span> <span class='ocrx_word' id='word_1_100' title='bbox 1049 947 1135 988; x_wconf 82' lang='lat' dir='ltr'><strong>tam</strong></span> <span class='ocrx_word' id='word_1_101' title='bbox 1157 943 1278 989; x_wconf 81' lang='lat' dir='ltr'><strong>facile</strong></span> <span class='ocrx_word' id='word_1_102' title='bbox 1298 943 1454 989; x_wconf 85' lang='lat' dir='ltr'><strong>bellum</strong></span> <span class='ocrx_word' id='word_1_103' title='bbox 1468 952 1572 1010; x_wconf 88' lang='lat'>(35)</span> 
     </span>
     <span class='ocr_line' id='line_1_15' title="bbox 129 1008 1457 1067; baseline 0.001 -14"><span class='ocrx_word' id='word_1_104' title='bbox 129 1009 223 1054; x_wconf 84' lang='lat' dir='ltr'><strong>fuit.</strong></span> <span class='ocrx_word' id='word_1_105' title='bbox 286 1009 431 1058; x_wconf 79' lang='lat' dir='ltr'><strong>Quum</strong></span> <span class='ocrx_word' id='word_1_106' title='bbox 463 1008 516 1054; x_wconf 90' lang='lat' dir='ltr'><strong>ad</strong></span> <span class='ocrx_word' id='word_1_107' title='bbox 542 1009 768 1054; x_wconf 83' lang='lat' dir='ltr'><strong>Luceriam</strong></span> <span class='ocrx_word' id='word_1_108' title='bbox 796 1008 971 1054; x_wconf 86' lang='lat' dir='ltr'><strong>duceret</strong></span> <span class='ocrx_word' id='word_1_109' title='bbox 1000 1008 1200 1067; x_wconf 86' lang='lat' dir='ltr'><strong>legiones,</strong></span> <span class='ocrx_word' id='word_1_110' title='bbox 1230 1024 1355 1067; x_wconf 86' lang='lat' dir='ltr'><strong>quam</strong></span> <span class='ocrx_word' id='word_1_111' title='bbox 1381 1023 1457 1066; x_wconf 90' lang='lat' dir='ltr'><strong>op-</strong></span> 
     </span>
     <span class='ocr_line' id='line_1_16' title="bbox 128 1072 1457 1133; baseline 0 -15"><span class='ocrx_word' id='word_1_112' title='bbox 128 1074 308 1133; x_wconf 85' lang='lat' dir='ltr'><strong>pugnari</strong></span> <span class='ocrx_word' id='word_1_113' title='bbox 343 1073 394 1119; x_wconf 88' lang='lat' dir='ltr'><strong>ab</strong></span> <span class='ocrx_word' id='word_1_114' title='bbox 432 1073 691 1119; x_wconf 88' lang='lat' dir='ltr'><strong>Samnitibus</strong></span> <span class='ocrx_word' id='word_1_115' title='bbox 722 1073 927 1127; x_wconf 83' lang='lat' dir='ltr'><strong>audierat,</strong></span> <span class='ocrx_word' id='word_1_116' title='bbox 959 1072 1014 1118; x_wconf 87' lang='lat' dir='ltr'><strong>ad</strong></span> <span class='ocrx_word' id='word_1_117' title='bbox 1042 1073 1168 1118; x_wconf 89' lang='lat' dir='ltr'><strong>finem</strong></span> <span class='ocrx_word' id='word_1_118' title='bbox 1197 1073 1457 1119; x_wconf 76' lang='lat' dir='ltr'><strong>Lucerinum</strong></span> 
     </span>
     <span class='ocr_line' id='line_1_17' title="bbox 128 1138 1457 1197; baseline 0 -14"><span class='ocrx_word' id='word_1_119' title='bbox 128 1139 167 1184; x_wconf 90' lang='lat' dir='ltr'><strong>ei</strong></span> <span class='ocrx_word' id='word_1_120' title='bbox 201 1139 336 1183; x_wconf 84' lang='lat' dir='ltr'><strong>hostis</strong></span> <span class='ocrx_word' id='word_1_121' title='bbox 371 1138 519 1184; x_wconf 86' lang='lat' dir='ltr'><strong>obvius</strong></span> <span class='ocrx_word' id='word_1_122' title='bbox 556 1138 663 1183; x_wconf 90' lang='lat' dir='ltr'><strong>fuit·</strong></span> <span class='ocrx_word' id='word_1_123' title='bbox 654 1174 664 1183; x_wconf 90' lang='lat'><strong>.</strong></span> <span class='ocrx_word' id='word_1_124' title='bbox 700 1138 760 1183; x_wconf 90' lang='lat' dir='ltr'><strong>ibi</strong></span> <span class='ocrx_word' id='word_1_125' title='bbox 790 1139 854 1183; x_wconf 77' lang='lat' dir='ltr'><strong>ira</strong></span> <span class='ocrx_word' id='word_1_126' title='bbox 883 1138 994 1183; x_wconf 87' lang='lat' dir='ltr'><strong>vires</strong></span> <span class='ocrx_word' id='word_1_127' title='bbox 1024 1138 1231 1196; x_wconf 78' lang='lat' dir='ltr'><strong>aequavit:</strong></span> <span class='ocrx_word' id='word_1_128' title='bbox 1262 1138 1457 1197; x_wconf 84' lang='lat' dir='ltr'><strong>proelimn</strong></span> 
     </span>
     <span class='ocr_line' id='line_1_18' title="bbox 127 1203 1454 1262; baseline 0 -14"><span class='ocrx_word' id='word_1_129' title='bbox 127 1204 290 1248; x_wconf 85' lang='lat' dir='ltr'><strong>varium</strong></span> <span class='ocrx_word' id='word_1_130' title='bbox 318 1206 362 1248; x_wconf 87' lang='lat' dir='ltr'><strong>et</strong></span> <span class='ocrx_word' id='word_1_131' title='bbox 389 1218 543 1262; x_wconf 84' lang='lat' dir='ltr'><strong>anceps</strong></span> <span class='ocrx_word' id='word_1_132' title='bbox 570 1203 668 1256; x_wconf 91' lang='lat' dir='ltr'><strong>fuit,</strong></span> <span class='ocrx_word' id='word_1_133' title='bbox 695 1203 863 1248; x_wconf 89' lang='lat' dir='ltr'><strong>tristius</strong></span> <span class='ocrx_word' id='word_1_134' title='bbox 889 1206 1034 1248; x_wconf 84' lang='lat' dir='ltr'><strong>tamen</strong></span> <span class='ocrx_word' id='word_1_135' title='bbox 1053 1207 1210 1248; x_wconf 85' lang='lat' dir='ltr'><strong>eventu</strong></span> <span class='ocrx_word' id='word_1_136' title='bbox 1234 1203 1454 1257; x_wconf 77' lang='lat' dir='ltr'><strong>Romanis,</strong></span> 
     </span>
     <span class='ocr_line' id='line_1_19' title="bbox 127 1267 1455 1327; baseline -0.001 -13"><span class='ocrx_word' id='word_1_137' title='bbox 127 1272 171 1314; x_wconf 90' lang='lat' dir='ltr'><strong>et</strong></span> <span class='ocrx_word' id='word_1_138' title='bbox 202 1269 301 1327; x_wconf 89' lang='lat' dir='ltr'><strong>quia</strong></span> <span class='ocrx_word' id='word_1_139' title='bbox 329 1268 485 1313; x_wconf 87' lang='lat' dir='ltr'><strong>insueti</strong></span> <span class='ocrx_word' id='word_1_140' title='bbox 516 1272 637 1313; x_wconf 87' lang='lat' dir='ltr'><strong>erant</strong></span> <span class='ocrx_word' id='word_1_141' title='bbox 667 1268 779 1313; x_wconf 89' lang='lat' dir='ltr'><strong>vinci</strong></span> <span class='ocrx_word' id='word_1_142' title='bbox 807 1272 851 1313; x_wconf 90' lang='lat' dir='ltr'><strong>et</strong></span> <span class='ocrx_word' id='word_1_143' title='bbox 879 1268 978 1327; x_wconf 85' lang='lat' dir='ltr'><strong>quia</strong></span> <span class='ocrx_word' id='word_1_144' title='bbox 1005 1267 1291 1326; x_wconf 83' lang='lat' dir='ltr'><strong>digredientes</strong></span> <span class='ocrx_word' id='word_1_145' title='bbox 1320 1268 1455 1326; x_wconf 86' lang='lat' dir='ltr'><strong>magis</strong></span> 
     </span>
     <span class='ocr_line' id='line_1_20' title="bbox 129 1333 1456 1392; baseline 0 -14"><span class='ocrx_word' id='word_1_146' title='bbox 129 1349 255 1392; x_wconf 90' lang='lat' dir='ltr'><strong>quam</strong></span> <span class='ocrx_word' id='word_1_147' title='bbox 290 1333 336 1378; x_wconf 90' lang='lat' dir='ltr'><strong>in</strong></span> <span class='ocrx_word' id='word_1_148' title='bbox 369 1333 461 1391; x_wconf 90' lang='lat' dir='ltr'><strong>ipso</strong></span> <span class='ocrx_word' id='word_1_149' title='bbox 502 1333 731 1378; x_wconf 82' lang='lat' dir='ltr'><strong>certamine</strong></span> <span class='ocrx_word' id='word_1_150' title='bbox 770 1336 1009 1386; x_wconf 88' lang='lat' dir='ltr'><strong>senserunt,</strong></span> <span class='ocrx_word' id='word_1_151' title='bbox 1046 1337 1254 1392; x_wconf 87' lang='lat' dir='ltr'><strong>quantum</strong></span> <span class='ocrx_word' id='word_1_152' title='bbox 1294 1333 1340 1379; x_wconf 88' lang='lat' dir='ltr'><strong>in</strong></span> <span class='ocrx_word' id='word_1_153' title='bbox 1378 1348 1456 1378; x_wconf 81' lang='lat' dir='ltr'><strong>sua</strong></span> 
     </span>
     <span class='ocr_line' id='line_1_21' title="bbox 126 1397 1490 1472; baseline 0.001 -30"><span class='ocrx_word' id='word_1_154' title='bbox 126 1401 246 1472; x_wconf 84' lang='lat' dir='ltr'><strong>parte</strong></span> <span class='ocrx_word' id='word_1_155' title='bbox 269 1398 364 1456; x_wconf 92' lang='lat' dir='ltr'><strong>plus</strong></span> <span class='ocrx_word' id='word_1_156' title='bbox 385 1397 606 1442; x_wconf 83' lang='lat' dir='ltr'><strong>vulnerum</strong></span> <span class='ocrx_word' id='word_1_157' title='bbox 635 1413 683 1442; x_wconf 85' lang='lat' dir='ltr'><strong>ac</strong></span> <span class='ocrx_word' id='word_1_158' title='bbox 709 1397 833 1442; x_wconf 89' lang='lat' dir='ltr'><strong>caedis</strong></span> <span class='ocrx_word' id='word_1_159' title='bbox 854 1397 1020 1442; x_wconf 86' lang='lat' dir='ltr'><strong>fuisset.</strong></span> <span class='ocrx_word' id='word_1_160' title='bbox 1082 1397 1268 1456; x_wconf 84' lang='lat' dir='ltr'><strong>Itaque</strong></span> <span class='ocrx_word' id='word_1_161' title='bbox 1255 1413 1292 1443; x_wconf 78' lang='lat' dir='ltr'><strong>is</strong></span> <span class='ocrx_word' id='word_1_162' title='bbox 1313 1401 1490 1446; x_wconf 87' lang='lat' dir='ltr'><strong>terror2</strong></span> 
     </span>
     <span class='ocr_line' id='line_1_22' title="bbox 127 1462 1452 1521; baseline -0.001 -13"><span class='ocrx_word' id='word_1_163' title='bbox 127 1464 172 1508; x_wconf 92' lang='lat' dir='ltr'><strong>in</strong></span> <span class='ocrx_word' id='word_1_164' title='bbox 211 1462 361 1508; x_wconf 83' lang='lat' dir='ltr'><strong>castris</strong></span> <span class='ocrx_word' id='word_1_165' title='bbox 401 1467 534 1515; x_wconf 89' lang='lat' dir='ltr'><strong>ortus,</strong></span> <span class='ocrx_word' id='word_1_166' title='bbox 577 1463 650 1520; x_wconf 89' lang='lat' dir='ltr'><strong>qui</strong></span> <span class='ocrx_word' id='word_1_167' title='bbox 690 1462 726 1507; x_wconf 90' lang='lat' dir='ltr'><strong>si</strong></span> <span class='ocrx_word' id='word_1_168' title='bbox 765 1466 1005 1520; x_wconf 83' lang='lat' dir='ltr'><strong>pugnantes</strong></span> <span class='ocrx_word' id='word_1_169' title='bbox 1041 1462 1236 1520; x_wconf 86' lang='lat' dir='ltr'><strong>cepisset,</strong></span> <span class='ocrx_word' id='word_1_170' title='bbox 1274 1463 1452 1521; x_wconf 85' lang='lat' dir='ltr'><strong>insignis</strong></span> 
     </span>
     <span class='ocr_line' id='line_1_23' title="bbox 127 1526 1490 1586; baseline 0.001 -15"><span class='ocrx_word' id='word_1_171' title='bbox 127 1531 299 1586; x_wconf 85' lang='lat' dir='ltr'><strong>accepta</strong></span> <span class='ocrx_word' id='word_1_172' title='bbox 333 1526 471 1572; x_wconf 86' lang='lat' dir='ltr'><strong>clades</strong></span> <span class='ocrx_word' id='word_1_173' title='bbox 506 1527 630 1572; x_wconf 85' lang='lat' dir='ltr'><strong>foret.</strong></span> <span class='ocrx_word' id='word_1_174' title='bbox 692 1527 800 1571; x_wconf 86' lang='lat' dir='ltr'><strong>Tum</strong></span> <span class='ocrx_word' id='word_1_175' title='bbox 836 1542 1004 1585; x_wconf 90' lang='lat' dir='ltr'><strong>quoque</strong></span> <span class='ocrx_word' id='word_1_176' title='bbox 1039 1527 1219 1572; x_wconf 84' lang='lat' dir='ltr'><strong>sollicita</strong></span> <span class='ocrx_word' id='word_1_177' title='bbox 1249 1542 1335 1572; x_wconf 77' lang='lat' dir='ltr'><strong>nox</strong></span> <span class='ocrx_word' id='word_1_178' title='bbox 1368 1527 1490 1576; x_wconf 71' lang='lat' dir='ltr'><strong>suits</strong></span> 
     </span>
     <span class='ocr_line' id='line_1_24' title="bbox 122 1590 1454 1650; baseline 0.002 -15"><span class='ocrx_word' id='word_1_179' title='bbox 122 1591 209 1649; x_wconf 88' lang='lat' dir='ltr'><strong>jam</strong></span> <span class='ocrx_word' id='word_1_180' title='bbox 237 1592 482 1637; x_wconf 87' lang='lat' dir='ltr'><strong>invasurum</strong></span> <span class='ocrx_word' id='word_1_181' title='bbox 511 1595 652 1636; x_wconf 84' lang='lat' dir='ltr'><strong>eastra</strong></span> <span class='ocrx_word' id='word_1_182' title='bbox 681 1591 912 1636; x_wconf 81' lang='lat' dir='ltr'><strong>Samnitem</strong></span> <span class='ocrx_word' id='word_1_183' title='bbox 933 1590 1202 1637; x_wconf 87' lang='lat' dir='ltr'><strong>credentibus</strong></span> <span class='ocrx_word' id='word_1_184' title='bbox 1224 1596 1299 1637; x_wconf 83' lang='lat' dir='ltr'><strong>aut</strong></span> <span class='ocrx_word' id='word_1_185' title='bbox 1318 1592 1454 1650; x_wconf 79' lang='lat' dir='ltr'><strong>prima</strong></span> 
     </span>
     <span class='ocr_line' id='line_1_25' title="bbox 125 1655 1489 1705; baseline 0.003 -5"><span class='ocrx_word' id='word_1_186' title='bbox 125 1656 218 1702; x_wconf 90' lang='lat' dir='ltr'><strong>luce</strong></span> <span class='ocrx_word' id='word_1_187' title='bbox 239 1672 335 1702; x_wconf 91' lang='lat' dir='ltr'><strong>cum</strong></span> <span class='ocrx_word' id='word_1_188' title='bbox 355 1655 588 1701; x_wconf 85' lang='lat' dir='ltr'><strong>victoribus</strong></span> <span class='ocrx_word' id='word_1_189' title='bbox 614 1655 893 1702; x_wconf 82' lang='lat' dir='ltr'><strong>conserendas</strong></span> <span class='ocrx_word' id='word_1_190' title='bbox 922 1671 1085 1702; x_wconf 83' lang='lat' dir='ltr'><strong>manus.</strong></span> <span class='ocrx_word' id='word_1_191' title='bbox 1145 1657 1294 1702; x_wconf 85' lang='lat' dir='ltr'><strong>Minus</strong></span> <span class='ocrx_word' id='word_1_192' title='bbox 1322 1656 1489 1705; x_wconf 68' lang='lat' dir='ltr'><strong>oladiu</strong></span> 
     </span>
     <span class='ocr_line' id='line_1_26' title="bbox 125 1720 1451 1780; baseline 0.001 -14"><span class='ocrx_word' id='word_1_193' title='bbox 125 1725 324 1766; x_wconf 84' lang='lat' dir='ltr'><strong>caeterum</strong></span> <span class='ocrx_word' id='word_1_194' title='bbox 340 1736 424 1766; x_wconf 90' lang='lat' dir='ltr'><strong>non</strong></span> <span class='ocrx_word' id='word_1_195' title='bbox 440 1721 535 1780; x_wconf 89' lang='lat' dir='ltr'><strong>plus</strong></span> <span class='ocrx_word' id='word_1_196' title='bbox 553 1721 786 1765; x_wconf 83' lang='lat' dir='ltr'><strong>animorum</strong></span> <span class='ocrx_word' id='word_1_197' title='bbox 803 1720 858 1766; x_wconf 91' lang='lat' dir='ltr'><strong>ad</strong></span> <span class='ocrx_word' id='word_1_198' title='bbox 876 1721 1021 1767; x_wconf 87' lang='lat' dir='ltr'><strong>hostes</strong></span> <span class='ocrx_word' id='word_1_199' title='bbox 1037 1724 1148 1767; x_wconf 80' lang='lat' dir='ltr'><strong>erat:</strong></span> <span class='ocrx_word' id='word_1_200' title='bbox 1179 1721 1254 1766; x_wconf 92' lang='lat' dir='ltr'><strong>ubi</strong></span> <span class='ocrx_word' id='word_1_201' title='bbox 1269 1722 1451 1780; x_wconf 87' lang='lat' dir='ltr'><strong>primum</strong></span> 
     </span>
     <span class='ocr_line' id='line_1_27' title="bbox 123 1785 1450 1844; baseline 0.002 -14"><span class='ocrx_word' id='word_1_202' title='bbox 123 1786 275 1839; x_wconf 87' lang='lat' dir='ltr'><strong>illuxit,</strong></span> <span class='ocrx_word' id='word_1_203' title='bbox 314 1785 429 1832; x_wconf 85' lang='lat' dir='ltr'><strong>abire</strong></span> <span class='ocrx_word' id='word_1_204' title='bbox 459 1786 550 1831; x_wconf 87' lang='lat' dir='ltr'><strong>sine</strong></span> <span class='ocrx_word' id='word_1_205' title='bbox 585 1787 813 1831; x_wconf 84' lang='lat' dir='ltr'><strong>certamine</strong></span> <span class='ocrx_word' id='word_1_206' title='bbox 843 1786 1046 1844; x_wconf 82' lang='lat' dir='ltr'><strong>cupiunt:</strong></span> <span class='ocrx_word' id='word_1_207' title='bbox 1089 1786 1165 1832; x_wconf 87' lang='lat' dir='ltr'><strong>sed</strong></span> <span class='ocrx_word' id='word_1_208' title='bbox 1194 1787 1263 1832; x_wconf 81' lang='lat' dir='ltr'><strong>via.</strong></span> <span class='ocrx_word' id='word_1_209' title='bbox 1290 1802 1376 1831; x_wconf 87' lang='lat' dir='ltr'><strong>una</strong></span> <span class='ocrx_word' id='word_1_210' title='bbox 1405 1792 1450 1832; x_wconf 86' lang='lat' dir='ltr'><strong>ct</strong></span> 
     </span>
     <span class='ocr_line' id='line_1_28' title="bbox 123 1834 1449 1910; baseline 0.002 -15"><span class='ocrx_word' id='word_1_211' title='bbox 123 1866 173 1896; x_wconf 85' lang='lat' dir='ltr'><strong>ea</strong></span> <span class='ocrx_word' id='word_1_212' title='bbox 211 1851 303 1908; x_wconf 86' lang='lat' dir='ltr'><strong>ipsa</strong></span> <span class='ocrx_word' id='word_1_213' title='bbox 314 1834 496 1909; x_wconf 56' lang='lat' dir='ltr'><strong>’praeter</strong></span> <span class='ocrx_word' id='word_1_214' title='bbox 535 1850 681 1895; x_wconf 86' lang='lat' dir='ltr'><strong>hostes</strong></span> <span class='ocrx_word' id='word_1_215' title='bbox 720 1854 837 1896; x_wconf 80' lang='lat' dir='ltr'><strong>erat:</strong></span> <span class='ocrx_word' id='word_1_216' title='bbox 890 1866 975 1910; x_wconf 78' lang='lat' dir='ltr'><strong>qua</strong></span> <span class='ocrx_word' id='word_1_217' title='bbox 1012 1852 1194 1910; x_wconf 86' lang='lat' dir='ltr'><strong>ingressi</strong></span> <span class='ocrx_word' id='word_1_218' title='bbox 1235 1851 1449 1910; x_wconf 85' lang='lat' dir='ltr'><strong>praebuere</strong></span> 
     </span>
     <span class='ocr_line' id='line_1_29' title="bbox 122 1914 1483 1976; baseline 0.002 -15"><span class='ocrx_word' id='word_1_219' title='bbox 122 1916 304 1973; x_wconf 88' lang='lat' dir='ltr'><strong>speciem</strong></span> <span class='ocrx_word' id='word_1_220' title='bbox 325 1919 441 1960; x_wconf 84' lang='lat' dir='ltr'><strong>recta</strong></span> <span class='ocrx_word' id='word_1_221' title='bbox 460 1914 726 1960; x_wconf 88' lang='lat' dir='ltr'><strong>tendentium</strong></span> <span class='ocrx_word' id='word_1_222' title='bbox 747 1914 800 1960; x_wconf 89' lang='lat' dir='ltr'><strong>ad</strong></span> <span class='ocrx_word' id='word_1_223' title='bbox 822 1920 963 1961; x_wconf 82' lang='lat' dir='ltr'><strong>castra</strong></span> <span class='ocrx_word' id='word_1_224' title='bbox 981 1916 1276 1976; x_wconf 78' lang='lat' dir='ltr'><strong>oppugnanda.</strong></span> <span class='ocrx_word' id='word_1_225' title='bbox 1339 1917 1483 1965; x_wconf 77' lang='lat' dir='ltr'><strong>Con-5</strong></span> 
     </span>
     <span class='ocr_line' id='line_1_30' title="bbox 122 1979 1447 2039; baseline 0.002 -15"><span class='ocrx_word' id='word_1_226' title='bbox 122 1979 189 2024; x_wconf 92' lang='lat' dir='ltr'><strong>sul</strong></span> <span class='ocrx_word' id='word_1_227' title='bbox 209 1995 324 2024; x_wconf 78' lang='lat' dir='ltr'><strong>amia</strong></span> <span class='ocrx_word' id='word_1_228' title='bbox 351 1995 499 2038; x_wconf 82' lang='lat' dir='ltr'><strong>capere</strong></span> <span class='ocrx_word' id='word_1_229' title='bbox 526 1979 681 2025; x_wconf 91' lang='lat' dir='ltr'><strong>milites</strong></span> <span class='ocrx_word' id='word_1_230' title='bbox 695 1979 821 2037; x_wconf 86' lang='lat' dir='ltr'><strong>jubet</strong></span> <span class='ocrx_word' id='word_1_231' title='bbox 849 1984 894 2025; x_wconf 89' lang='lat' dir='ltr'><strong>et</strong></span> <span class='ocrx_word' id='word_1_232' title='bbox 914 1981 1035 2039; x_wconf 86' lang='lat' dir='ltr'><strong>sequi</strong></span> <span class='ocrx_word' id='word_1_233' title='bbox 1062 1996 1108 2026; x_wconf 89' lang='lat' dir='ltr'><strong>se</strong></span> <span class='ocrx_word' id='word_1_234' title='bbox 1137 1985 1260 2027; x_wconf 74' lang='lat' dir='ltr'><strong>extra</strong></span> <span class='ocrx_word' id='word_1_235' title='bbox 1278 1981 1447 2036; x_wconf 81' lang='lat' dir='ltr'><strong>vallum,</strong></span> 
     </span>
     <span class='ocr_line' id='line_1_31' title="bbox 122 2044 1447 2105; baseline 0.002 -16"><span class='ocrx_word' id='word_1_236' title='bbox 122 2044 272 2103; x_wconf 86' lang='lat' dir='ltr'><strong>legatis</strong></span> <span class='ocrx_word' id='word_1_237' title='bbox 299 2044 480 2090; x_wconf 85' lang='lat' dir='ltr'><strong>tribunis</strong></span> <span class='ocrx_word' id='word_1_238' title='bbox 504 2045 717 2103; x_wconf 84' lang='lat' dir='ltr'><strong>praefectis</strong></span> <span class='ocrx_word' id='word_1_239' title='bbox 744 2045 953 2091; x_wconf 84' lang='lat' dir='ltr'><strong>sociorum</strong></span> <span class='ocrx_word' id='word_1_240' title='bbox 979 2046 1160 2103; x_wconf 86' lang='lat' dir='ltr'><strong>imperat</strong></span> <span class='ocrx_word' id='word_1_241' title='bbox 1190 2046 1304 2105; x_wconf 91' lang='lat' dir='ltr'><strong>quod</strong></span> <span class='ocrx_word' id='word_1_242' title='bbox 1333 2047 1447 2105; x_wconf 83' lang='lat' dir='ltr'><strong>apud</strong></span> 
     </span>
     <span class='ocr_line' id='line_1_32' title="bbox 122 2109 1444 2171; baseline 0.002 -17"><span class='ocrx_word' id='word_1_243' title='bbox 122 2125 331 2169; x_wconf 90' lang='lat' dir='ltr'><strong>quemque</strong></span> <span class='ocrx_word' id='word_1_244' title='bbox 360 2110 474 2155; x_wconf 86' lang='lat' dir='ltr'><strong>facto</strong></span> <span class='ocrx_word' id='word_1_245' title='bbox 504 2125 612 2167; x_wconf 90' lang='lat' dir='ltr'><strong>opus</strong></span> <span class='ocrx_word' id='word_1_246' title='bbox 642 2115 735 2155; x_wconf 86' lang='lat' dir='ltr'><strong>est:</strong></span> <span class='ocrx_word' id='word_1_247' title='bbox 767 2125 912 2156; x_wconf 91' lang='lat' dir='ltr'><strong>omnes</strong></span> <span class='ocrx_word' id='word_1_248' title='bbox 947 2109 1170 2157; x_wconf 79' lang='lat' dir='ltr'><strong>adfirmant</strong></span> <span class='ocrx_word' id='word_1_249' title='bbox 1199 2127 1247 2157; x_wconf 83' lang='lat' dir='ltr'><strong>se</strong></span> <span class='ocrx_word' id='word_1_250' title='bbox 1276 2111 1444 2171; x_wconf 88' lang='lat' dir='ltr'><strong>quidem</strong></span> 
     </span>
     <span class='ocr_line' id='line_1_33' title="bbox 122 2173 1444 2234; baseline 0.002 -15"><span class='ocrx_word' id='word_1_251' title='bbox 122 2174 264 2221; x_wconf 76' lang='lat' dir='ltr'><strong>omnia</strong></span> <span class='ocrx_word' id='word_1_252' title='bbox 289 2173 480 2222; x_wconf 77' lang='lat' dir='ltr'><strong>facturos</strong></span> <span class='ocrx_word' id='word_1_253' title='bbox 509 2173 586 2222; x_wconf 77' lang='lat' dir='ltr'><strong>sed</strong></span> <span class='ocrx_word' id='word_1_254' title='bbox 612 2173 794 2221; x_wconf 87' lang='lat' dir='ltr'><strong>militum</strong></span> <span class='ocrx_word' id='word_1_255' title='bbox 820 2175 961 2234; x_wconf 80' lang='lat' dir='ltr'><strong>jacere</strong></span> <span class='ocrx_word' id='word_1_256' title='bbox 990 2177 1166 2230; x_wconf 79' lang='lat' dir='ltr'><strong>animos,</strong></span> <span class='ocrx_word' id='word_1_257' title='bbox 1196 2180 1291 2222; x_wconf 78' lang='lat' dir='ltr'><strong>tota</strong></span> <span class='ocrx_word' id='word_1_258' title='bbox 1318 2180 1444 2223; x_wconf 88' lang='lat' dir='ltr'><strong>nocte</strong></span> 
     </span>
    </p>
   </div>
   <div class='ocr_carea' id='block_1_3' title="bbox 123 2239 1440 2305">
    <p class='ocr_par' dir='ltr' id='par_1_4' title="bbox 123 2239 1440 2305">
     <span class='ocr_line' id='line_1_34' title="bbox 123 2239 1440 2305; baseline 0.002 -17"><span class='ocrx_word' id='word_1_259' title='bbox 123 2239 236 2288; x_wconf 69' lang='lat' dir='ltr'><strong>inm</strong></span> <span class='ocrx_word' id='word_1_260' title='bbox 264 2239 438 2290; x_wconf 73' lang='lat' dir='ltr'><strong>mlum</strong></span> <span class='ocrx_word' id='word_1_261' title='bbox 466 2242 511 2288; x_wconf 79' lang='lat' dir='ltr'><strong>et</strong></span> <span class='ocrx_word' id='word_1_262' title='bbox 545 2240 731 2301; x_wconf 75' lang='lat' dir='ltr'><strong>gemitus</strong></span> <span class='ocrx_word' id='word_1_263' title='bbox 763 2240 1033 2291; x_wconf 70' lang='lat' dir='ltr'><strong>morientium</strong></span> <span class='ocrx_word' id='word_1_264' title='bbox 1067 2242 1291 2305; x_wconf 77' lang='lat' dir='ltr'><strong>vigilatum</strong></span> <span class='ocrx_word' id='word_1_265' title='bbox 1323 2257 1440 2291; x_wconf 74' lang='lat' dir='ltr'><strong>oese:</strong></span> 
     </span>
    </p>
   </div>
  </div>
 </body>
</html>
