1649 2452
510 47 621 90 LIB.
651 46 778 90 VIII.
807 52 845 97 8,
864 50 901 90 9.
1295 46 1370 88 491

55 101 99 135 A.
117 103 152 135 c.
168 100 259 145 337.]

51 143 146 196 11115,
178 150 228 189 ut
257 143 630 189 subcenturionem
670 145 751 190 sibi
781 159 906 203 quem
937 143 1060 187 vellet
1096 142 1268 200 legeret,
1302 142 1372 213 qui

52 212 267 255 tutaretur
300 223 398 253 eum
427 207 479 253 ab
509 223 594 252 uno
626 208 837 254 destinato
872 208 1019 253 hoste:
1061 207 1180 265 isque
1207 206 1374 264 juvenis

50 274 97 318 in
124 272 214 318 acie
243 271 410 318 oblatus
451 287 504 317 ex
534 273 781 318 centurione
810 271 968 318 Latino
997 271 1217 316 victoriam
1257 269 1372 315 tulit.

45 337 292 396 Pugnatum
335 341 401 382 est
430 337 543 382 haud
583 338 730 395 procul
759 337 970 383 radicibus
999 335 1179 381 Vesuvii
1218 335 1373 380 montis
1393 339 1441 377 16

49 417 133 461 qua
152 402 221 446 via
240 400 294 446 ad
313 401 507 446 Veserim
529 402 705 447 ferebat.

106 466 289 511 Romani
309 465 502 511 consules
529 467 648 524 prius
668 481 794 525 quam
825 465 1053 512 educerent
1080 465 1125 510 in
1146 465 1277 510 aciem
1296 464 1464 518 1111-(9)

47 530 326 575 molaverunt.
387 530 522 575 Decio
563 535 690 589 caput
726 531 925 588 jocineris
966 545 991 574 a
1019 529 1214 574 familiari
1252 532 1373 587 parte

46 609 203 640 caesum
231 594 443 653 haruspex
483 594 639 640 dicitur
669 595 933 640 ostendisse:
975 594 1129 652 alioqui
1159 597 1375 651 acceptam

45 657 111 703 dis
152 658 336 703 hostiam
375 674 481 714 esse,
521 659 729 704 Manlium
773 659 941 717 egregie
981 659 1154 703 litasse:
1199 657 1375 715 “Atqui

44 722 152 768 bene
172 723 327 768 habet''
351 723 488 782 inquit
510 723 685 779 Decius,
709 724 786 768 “si
808 724 859 768 ab
882 723 1042 782 collega
1066 723 1236 767 litatum
1262 722 1372 767 est.''

46 787 278 832 Instructis
315 788 426 832 sicut
461 792 559 832 ante
595 787 756 832 dictum
788 792 853 832 est
885 787 1102 832 ordinibus
1131 801 1374 845 processere
1391 795 1414 831 2

44 851 95 897 in
112 852 274 896 aciem:
305 851 492 896 Manlius
514 851 677 907 dextro,
698 852 857 897 Decius
889 852 993 896 laevo
1021 867 1154 897 cornu
1180 855 1370 910 111-166131.

45 916 190 961 Primo
210 916 424 975 utrimque
444 917 576 974 aequis
598 916 760 961 viribus
784 916 930 961 eodem
960 916 1108 961 ardore
1139 916 1372 961 animorum
1389 925 1413 961 3

44 980 273 1038 gerebatur
306 995 386 1034 res,
420 979 569 1025 deinde
605 980 658 1026 ab
687 981 792 1025 laevo
824 996 958 1025 cornu
994 981 1155 1025 hastati
1188 980 1374 1026 Romani

47 1059 135 1089 non
161 1044 346 1090 ferentes
374 1045 690 1103 impressionem
719 1045 973 1090 Latinorum
1003 1061 1049 1090 se
1079 1044 1133 1089 ad
1161 1045 1372 1104 principes

46 1123 256 1168 recepere.
316 1109 372 1153 In
401 1109 480 1154 hac
509 1109 788 1168 trepidatione
822 1110 982 1155 Decius
1018 1109 1166 1154 consul
1198 1109 1263 1154 M.
1284 1109 1373 1154 Va·
1384 1117 1413 1154 4

44 1173 197 1219 lerium
223 1188 378 1232 magna
403 1189 505 1218 voce
534 1174 757 1219 inclamat:
792 1175 1046 1219 “Deorum''
1075 1173 1268 1232 inqm‘t“
1278 1189 1371 1232 ope,

45 1238 113 1282 M.
134 1236 294 1294 Valeri,
315 1253 421 1297 opus
449 1241 539 1283 6513·
573 1238 766 1297 agedum,
790 1239 982 1297 pontifex
1007 1237 1200 1297 publicus
1227 1238 1373 1297 populi

46 1301 243 1357 Romani,
278 1303 380 1360 praei
416 1302 545 1348 verba
578 1303 729 1362 quibus
764 1319 832 1349 me
866 1319 942 1363 pro
977 1303 1212 1360 legionibus
1247 1302 1372 1348 devo-

44 1382 178 1411 163111.
181 1367 209 1386 ”
270 1366 472 1412 Pontifex
491 1383 589 1412 eum
609 1374 753 1427 togam
775 1372 1023 1427 praetextam
1044 1383 1211 1413 sumere
1225 1369 1370 1425 jussit,
1385 1375 1410 1412 5

45 1434 90 1476 et
111 1431 250 1476 velato
271 1432 408 1490 capite
428 1447 556 1476 manu
576 1432 723 1478 subter
744 1437 888 1492 togam
909 1433 963 1478 ad
987 1437 1177 1478 mentum
1204 1437 1373 1478 exserta

45 1511 175 1554 super
207 1496 342 1542 telum
382 1496 621 1555 subjectum
661 1497 838 1556 pedibus
878 1502 1062 1544 stantem
1103 1498 1164 1543 sic
1203 1497 1369 1544 dicere:

48 1563 74 1583 “
89 1561 116 1604 J
119 1577 196 1606 ane
217 1562 245 1605 J
250 1562 418 1620 uppIter
437 1562 557 1607 Mars
577 1566 698 1621 pater
720 1563 894 1616 Quirine
915 1563 1092 1608 Bellona
1116 1563 1262 1616 LareS,
1285 1562 1372 1608 divi

45 1626 296 1682 novensiles,
319 1626 362 1671 di
385 1626 607 1686 indigeteS‚
635 1627 721 1673 divi
748 1643 929 1687 quorum
959 1632 1026 1674 est
1055 1631 1245 1686 potestas
1274 1642 1373 1674 nos-

46 1694 211 1736 trorum
241 1691 523 1749 hostiumque,
554 1663 695 1750 diique
725 1708 882 1747 manes,
910 1707 987 1738 vos
1016 1708 1165 1751 precor
1193 1707 1372 1738 veneror

45 1755 211 1800 veniam
250 1759 350 1815 peto
390 1755 576 1814 feroque,
609 1758 674 1802 uti
713 1757 869 1815 populo
909 1758 1103 1803 Romano
1134 1757 1371 1806 Quiritium

46 1820 131 1864 vim
170 1820 391 1866 victoriam
431 1822 686 1879 prosperetis
727 1821 955 1880 hostesque
1002 1821 1148 1880 populi
1186 1822 1371 1868 Romani

48 1883 282 1932 Quiritium
310 1890 471 1930 terrore
500 1886 719 1932 formidine
746 1891 966 1945 morteque
993 1885 1227 1932 adficiatis:
1256 1887 1370 1932 sicut

47 1948 186 1994 verbis
206 1950 460 2008 nuncupavi,
479 1950 542 1995 ita
561 1966 637 2008 pro
658 1967 704 1996 re
729 1951 898 2009 publica
917 1951 1152 2000 Quiritium
1178 1952 1369 1997 exercitu

48 2013 285 2071 legionibus
325 2015 492 2060 auxiliis
532 2015 676 2074 populi
706 2015 888 2060 Romani
919 2015 1148 2069 Quiritium
1179 2016 1368 2075 legiones

48 2091 74 2121 a
231 2094 285 2124 ue
305 2079 492 2124 hostium
520 2095 683 2124 mecum
705 2079 794 2125 deis
821 2079 1014 2126 manibus
1034 2079 1276 2140 Tellurique
1293 2081 1368 2127 de-

47 2155 193 2191 voveo.
195 2144 223 2163 ''
283 2144 392 2190 Haec
420 2145 483 2190 ita
500 2152 697 2203 precatus
727 2144 978 2192 lictoresire
1003 2144 1059 2193 ad
1086 2145 1136 2192 Τ.
1157 2145 1406 2193 1131111113ιὸ

46 2205 169 2269 jubet
196 2211 445 2273 matureque
471 2209 642 2272 eouegae
662 2225 708 2259 se
728 2209 927 2260 devotum
946 2225 1024 2274 pm
1049 2211 1241 2263 6361111111
1257 2226 1367 2265 nnn·
