1649 2452
560 84 670 126 LIB.
702 83 778 127 IX.
811 86 875 135 26,
894 86 958 129 27.
1343 85 1421 129 56⁹

103 139 312 182 A.c.312.]

102 197 241 256 —qua
259 181 312 226 de
331 194 469 236 031153,
488 195 564 225 vos
584 181 826 226 existimare
846 195 971 239 qnam
990 193 1058 225 me
1078 194 1155 238 pro
1171 180 1423 239 magistratu

103 246 320 306 quicquam
335 246 643 303 incompertum
659 244 796 290 dicere
811 245 960 290 melius
981 245 1287 303 est—primum
1307 245 1420 303 ipsas

101 323 339 370 expugnare
365 309 618 369 quaestiones
639 310 754 354 omni
780 325 861 368 ope
881 309 1016 354 adnisi
1040 313 1152 362 sunt,
1177 308 1284 364 dein,
1306 313 1423 367 post-

101 388 222 434 quam
250 374 304 419 ad
329 374 373 419 id
402 389 548 432 pamm
575 378 771 432 potentes
800 378 932 430 erant,
952 389 1006 419 ne
1027 388 1193 419 causam
1222 373 1422 427 dicerent,

100 440 144 484 in
163 438 353 498 praesidia
377 438 711 483 adversariorum
739 438 1059 497 appellationem
1084 442 1128 483 et
1149 438 1423 483 tribunicium

100 503 294 549 auxilium
319 503 490 576 ‘patricii
517 503 812 562 confugerunt,
842 508 1055 562 postremo
1083 502 1241 561 repulsi
1268 502 1423 548 inde-

100 567 200 614 adeo
217 569 357 613 omnia
376 568 536 612 tutiora
553 583 677 626 quam
693 571 742 612 ut
758 567 1040 612 innocentiam
1057 583 1175 612 suam
1192 571 1422 626 purgarent

101 633 288 678 visa—in
322 648 400 678 nos
433 633 649 677 irruerunt
688 636 732 677 et
762 633 936 690 privatis
971 632 1219 677 dictatorem
1249 648 1422 689 poscere

100 713 215 743 reum
250 697 513 743 verecundiae
543 713 628 742 non
658 697 753 751 fuit,
786 702 836 742 ut
866 713 1010 742 omnes
1052 697 1110 742 dii
1149 697 1422 756 hominesque

100 762 231 807 sciant
262 762 314 808 ab
344 762 425 807 11115
456 762 583 807 etiam
614 777 706 821 qnae
737 777 823 806 non
854 762 1015 820 possint
1046 762 1246 819 temptari
1271 778 1325 807 ne
1352 778 1420 807 ra-

99 827 256 872 tionem
286 827 385 872 vitae
411 826 602 881 reddant,
623 842 691 871 me
722 825 887 871 obviam
917 827 978 871 ire
1009 827 1171 871 crimini
1201 831 1244 871 et
1275 828 1423 872 offerre

100 907 163 937 me
198 891 378 936 immicis
399 907 530 944 reum,
569 890 779 936 dictatura
813 906 881 935 me
921 890 1080 936 abdico.
1142 891 1232 935 Vos
1268 906 1421 949 quaeso,
1443 903 1487 940 11

100 955 302 1009 consules,
333 956 370 1000 si
398 955 516 1000 vobis
547 954 692 999 datum
721 955 772 1000 ab
794 959 945 1000 senatu
971 956 1190 1014 negotium
1216 956 1359 1011 fuerit,
1378 956 1425 1001 in

99 1036 164 1066 1118
190 1021 371 1080 primum
399 1024 442 1065 et
463 1019 576 1064 hunc
604 1019 667 1064 M.
689 1020 876 1064 Foslium
905 1020 1157 1077 quaestiones
1179 1020 1420 1074 exerceatis,

99 1089 149 1130 ut
167 1089 365 1144 appareat
385 1085 626 1130 innocentia
642 1088 789 1129 nostra
807 1099 884 1129 nos
905 1100 991 1129 non
1010 1085 1231 1143 majestate
1251 1085 1422 1130 honoris

100 1153 216 1195 tutos
252 1165 277 1194 a
311 1149 671 1195 criminationibus
706 1149 800 1194 istis
837 1150 971 1194 csse.'’
1033 1148 1215 1194 Abdicat
1249 1149 1347 1194 inde
1378 1165 1423 1195 se
1441 1158 1490 1196 12

100 1213 309 1260 dictatura
354 1218 398 1260 et
438 1218 535 1273 post
575 1229 672 1259 eum
712 1214 935 1259 confestim
974 1214 1140 1259 Foslius
1180 1214 1423 1273 magisterio

101 1281 303 1338 equitum,
336 1279 542 1338 primique
573 1278 685 1337 apud
715 1278 1018 1324 consules—iis
1049 1279 1160 1324 enim
1191 1278 1242 1324 ab
1273 1283 1425 1324 senatu

99 1343 294 1389 mandata
313 1360 380 1389 res
402 1343 588 1388 est—rei
607 1343 707 1388 facti
730 1343 930 1388 adversus
957 1343 1159 1389 nobilium
1179 1343 1425 1388 testimonia

100 1409 268 1468 egregie
303 1407 589 1453 absolvuntur.
650 1407 856 1453 Publilius
893 1408 1020 1453 etiam
1059 1408 1182 1453 Philo
1222 1408 1423 1467 multipli-
1441 1416 1488 1454 13

100 1474 204 1518 catis
245 1473 418 1518 summis
458 1471 686 1518 honoribus
728 1477 825 1530 post
865 1489 932 1518 res
972 1476 1039 1518 tot
1080 1473 1192 1518 domi
1231 1472 1423 1531 belloque

99 1541 241 1597 gestas
272 1541 470 1583 caeterum
499 1537 659 1582 invisus
689 1537 899 1582 nobilitati
929 1553 1097 1583 causam
1124 1537 1231 1582 dixit
1258 1538 1423 1582 absolu-

98 1608 253 1661 tusque
273 1606 351 1648 est.
413 1602 507 1647 Nec
528 1602 700 1655 diutius,
722 1606 772 1647 111
793 1603 853 1656 fit,
878 1618 1003 1661 quam
1023 1603 1123 1647 dum
1150 1618 1296 1648 recens
1317 1606 1420 1656 erat,
1441 1615 1490 1653 14

99 1668 276 1727 quaestio
316 1683 391 1726 per
430 1667 541 1712 clara
581 1667 749 1711 nomina
787 1683 955 1712 reorum
995 1668 1158 1726 viguit:
1208 1667 1305 1712 inde
1339 1667 1423 1712 labi

100 1733 226 1791 coepit
248 1732 300 1776 ad
322 1732 468 1776 viliora
488 1731 637 1790 capita,
661 1731 793 1776 donec
814 1732 1064 1778 coitionibus
1086 1732 1422 1791 factionibusque

99 1797 299 1842 adversus
322 1812 424 1854 quas
446 1802 686 1854 comparata
706 1801 795 1841 erat
817 1812 1015 1855 oppressa
1036 1806 1116 1842 est.

157 1862 314 1906 Earum
344 1861 454 1905 fama
475 1877 613 1905 rerum
643 1861 777 1919 magis
805 1866 946 1906 tamen
975 1878 1068 1920 spes
1099 1862 1320 1920 Campanae
1349 1861 1418 1907 dc-
1436 1863 1537 1918 (27)

99 1925 308 1979 fectionis,
338 1926 382 1969 in
413 1941 537 1984 quam
569 1928 835 1982 conjuratum
864 1931 967 1980 erat,
997 1927 1206 1971 Samnites
1231 1927 1276 1971 in
1302 1929 1415 1984 Apu-

99 1990 197 2035 liam
228 2005 371 2035 versos
401 2006 548 2034 rursus
581 1989 633 2033 ad
665 1989 874 2034 Caudium
905 1992 1129 2044 revocavit,
1162 1995 1211 2036 ut
1241 1991 1338 2036 inde
1368 2008 1420 2037 ex

100 2055 347 2113 propinquo,
375 2055 412 2099 si
443 2055 515 2113 qui
544 2059 686 2098 motus
717 2055 977 2100 occasionem
1009 2057 1201 2114 aperiret,
1232 2057 1419 2114 Capuam

100 2119 303 2164 Romanis
334 2119 559 2177 eriperent.
619 2120 683 2164 Eo
714 2119 907 2165 consules
938 2136 1034 2166 cum
1064 2121 1200 2166 valido
1232 2122 1458 2169 exercitu2

102 2188 332 2229 venerunt:
365 2189 408 2228 et
429 2184 564 2242 primo
585 2184 695 2229 circa
716 2185 861 2241 saltus,
883 2200 979 2230 curn
1007 2186 1220 2245 utrimque
1248 2186 1300 2230 ad
1326 2186 1419 2231 hos-

102 2251 190 2294 tem
222 2249 367 2308 iniqua
394 2250 463 2295 via
492 2253 617 2304 esset,
650 2251 838 2296 cunctati
868 2254 992 2297 sunt:
1026 2251 1176 2298 deinde
1208 2252 1418 2298 Samnites
