1649 2452
217 75 294 114 576
539 73 583 110 Τ
618 72 712 110 le
724 71 763 109 11
803 71 1040 109 HISTORI
1047 71 1219 110 ARUM
1327 125 1386 164 [A
1402 126 1437 158 c
1454 127 1528 160 3⁰8·

173 169 312 212 ‘tante
352 165 498 210 urbem
538 165 676 223 posita
715 164 931 209 advexere.
991 164 1164 210 Etrusci
1203 163 1313 209 diem
1351 167 1530 224 primum

214 229 499 284 consultando,
533 232 790 272 maturarent
831 228 1098 273 traherentne
1133 228 1299 285 bellum,
1334 230 1531 276 traduxe-

213 298 342 338 runt:
372 298 541 351 postero
578 292 656 344 die,
690 291 762 336 ubi
793 292 991 336 celeriora
1020 308 1144 351 quam
1174 293 1332 337 tutiora
1361 294 1532 339 consilia

214 358 346 416 magis
368 359 559 415 placuere
581 355 770 407 ducibuS,
801 356 887 400 sole
907 361 1001 400 orto
1022 357 1188 414 signum
1213 373 1364 415 pugnae
1386 373 1531 416 propo·

173 433 196 469 5
214 422 343 467 situm
368 425 432 466 est
461 420 693 477 armatique
721 420 766 463 iu
795 421 924 464 aciem
954 421 1200 478 procedunt.
1263 421 1390 469 Quod
1418 427 1531 479 post-

214 501 339 544 quam
374 484 535 529 consuli
569 485 812 527 nuntiatum
847 487 925 537 est,
959 484 1168 543 extemplo
1203 488 1407 529 tesseram
1442 485 1532 531 dari

208 550 329 607 jubet
359 552 409 593 ut
438 548 640 606 prandeat
670 547 787 592 miles
817 548 1077 606 firmatisque
1108 548 1200 593 cibo
1230 548 1387 594 viribus
1417 564 1531 595 arma

171 622 196 660 6
213 614 362 670 capiat.
413 613 543 657 Dicto
563 615 746 670 paretur.
806 611 964 656 Consul
983 612 1058 656 ubi
1077 616 1258 656 armatos
1280 616 1530 672 paratosque

211 678 329 730 vidit,
352 677 473 736 signa
493 682 613 721 extra
639 676 793 720 vallum
822 676 1000 734 proferri
1023 677 1153 733 jussit
1184 680 1227 721 et
1253 676 1367 721 haud
1386 677 1531 735 procul

174 750 195 791 7
211 741 332 786 hoste
371 741 573 786 instruxit
609 741 751 784 aciem.
825 740 1097 798 Aliquamdiu
1131 741 1285 786 intenti
1319 742 1531 800 utrimque

211 808 422 850 steterunt
443 808 734 863 exspectantes
751 807 800 848 ut
821 804 872 849 ab
889 804 1134 849 adversariis
1157 805 1311 850 clamor
1327 809 1369 850 et
1391 821 1532 865 pugna

210 870 425 928 inciperet,
449 874 492 913 et
520 869 637 927 prius
665 869 728 913 sol
748 869 919 914 meridie
948 885 993 914 se
1013 869 1228 914 inclinavit
1257 886 1380 928 quam
1400 871 1532 916 telum

165 941 189 978 8
211 933 307 979 hinc
328 937 402 978 aut
422 933 536 978 iHinc
566 933 763 977 emissum
794 936 873 978 est.
934 933 1042 978 Inde
1069 950 1123 978 ne
1149 934 1306 979 infecta
1329 950 1374 979 re
1399 934 1531 980 abire-

209 1001 292 1052 tur,
328 998 483 1042 elamor
515 997 566 1041 ab
602 996 794 1041 Etruscis
830 997 965 1041 oritur
1001 998 1309 1057 concinuntque
1343 998 1458 1044 tubae
1487 1002 1531 1044 et

209 1062 330 1120 signa
349 1061 588 1106 inferuntur
606 1080 615 1105 z
648 1075 726 1105 nec
747 1061 915 1119 segnius
937 1077 962 1105 a
989 1062 1192 1107 Romanis
1213 1078 1355 1121 pugna
1374 1063 1528 1107 initur:

209 1129 465 1172 concurrunt
492 1125 665 1169 infensis
691 1125 863 1170 animis:
896 1141 1070 1170 numero
1095 1127 1242 1181 hostis,
1265 1127 1423 1171 virtute
1445 1127 1531 1172 Ro-

169 1201 356 1240 9manus
387 1192 571 1247 superat.
632 1190 801 1247 Anceps
831 1189 1022 1248 proelium
1054 1191 1209 1236 multos
1239 1191 1451 1250 utrimque
1486 1195 1530 1236 et

208 1254 484 1299 fortissimum
516 1269 721 1313 quemque
753 1254 947 1309 absumit,
977 1270 1054 1300 nec
1084 1258 1200 1313 prius
1236 1256 1434 1300 inclinata
1462 1271 1530 1301 res

208 1323 274 1363 est
296 1334 420 1378 quam
441 1318 623 1363 secunda
655 1318 762 1362 acies
785 1318 975 1362 Romana
996 1319 1048 1362 ad
1077 1321 1211 1377 prima
1232 1320 1352 1377 signa
1375 1320 1530 1378 integri

208 1384 331 1428 fessis
353 1386 672 1428 successerunt:
704 1383 888 1435 Etrusci,
908 1383 1005 1440 quia
1026 1384 1150 1429 nullis
1171 1385 1410 1429 recentibus
1432 1385 1530 1430 sub-

208 1448 325 1492 sidiis
347 1447 455 1491 fulta
481 1448 615 1505 prima
635 1447 744 1491 acies
775 1447 868 1499 fuit,
893 1451 989 1491 ante
1019 1448 1139 1506 signa
1166 1449 1358 1507 circaque
1385 1464 1530 1493 omnes

143 1521 190 1558 10
207 1511 459 1557 ceciderunt.
535 1511 665 1555 Nullo
705 1526 904 1569 umquam
943 1512 1087 1569 proelio
1123 1513 1235 1571 fugae
1275 1513 1413 1558 minus
1451 1528 1530 1558 nec

206 1576 301 1634 plus
329 1575 452 1621 caedis
481 1575 642 1630 fuisset,
672 1575 717 1619 ni
744 1575 978 1620 obstinatos
1010 1577 1115 1620 mori
1142 1577 1300 1622 Tuscos
1328 1592 1414 1622 nox
1438 1584 1531 1621 tex-

206 1641 324 1694 isset,
352 1641 413 1684 ita
439 1647 488 1684 ut
519 1640 699 1684 victores
730 1639 846 1696 prius
879 1655 1002 1697 quam
1030 1641 1130 1685 victi
1160 1641 1377 1700 pugnandi
1403 1641 1526 1686 finem

143 1713 187 1750 11
208 1704 407 1750 facerent.
468 1704 574 1748 Post
610 1719 802 1748 oceasum
836 1703 934 1748 solis
966 1705 1135 1760 signum
1165 1705 1353 1763 receptui
1383 1705 1528 1750 datum

142 1779 189 1815 12
206 1773 285 1822 est,
317 1772 443 1814 nocte
474 1768 525 1813 ab
556 1771 736 1826 utroque
766 1768 810 1812 in
841 1772 979 1812 castra
1005 1768 1198 1814 reditum.
1258 1769 1352 1814 Nec
1379 1769 1528 1814 deinde

207 1834 429 1892 quicquam
464 1847 513 1877 eo
549 1847 657 1876 anno
693 1832 752 1876 rei
791 1833 989 1876 memoria
1024 1833 1160 1891 dignae
1191 1833 1302 1891 apud
1338 1833 1527 1878 Sutrium

206 1901 375 1955 gestum
410 1901 488 1950 est,
527 1897 624 1955 quia
660 1901 702 1940 et
740 1912 792 1941 ex
826 1896 1012 1940 hostium
1047 1897 1234 1941 exercitu
1270 1897 1403 1955 prima
1437 1903 1529 1942 tota

210 1962 319 2006 acies
341 1961 478 2006 deleta
498 1975 582 2005 uno
604 1960 748 2018 prceiio
774 1960 911 2004 fuerat
933 1960 1192 2005 subsidiariis
1214 1961 1337 2005 modo
1359 1961 1527 2014 relictis,

206 2026 277 2070 vix
308 2026 419 2084 quod
449 2026 550 2069 satis
581 2028 692 2069 esset
721 2024 772 2068 ad
801 2029 1034 2069 castrorum
1064 2025 1315 2083 praesidiuni,
1346 2031 1388 2070 et
1417 2027 1528 2084 apud

207 2090 420 2135 Romanos
442 2095 607 2134 tantum
634 2089 852 2133 vulnerum
875 2089 956 2133 fuit
976 2094 1025 2134 ut
1051 2090 1191 2148 plures
1213 2095 1308 2148 post
1336 2090 1526 2149 proelium

91 2163 194 2222 (33)
209 2154 338 2199 saucii
368 2154 622 2199 decesserint
644 2169 766 2213 quam
795 2153 1062 2198 ceciderant
1050 2169 1094 2198 m
1121 2155 1220 2199 acie.
1283 2155 1337 2203 Q.
1371 2154 1526 2200 Fabius

208 2219 466 2278 insequentis
506 2219 603 2264 armi
643 2218 788 2264 consul
828 2218 981 2264 bellum
1020 2218 1073 2265 ad
1118 2219 1308 2265 Sutrium
1347 2219 1524 2280 excepit,
