1649 2452
235 111 314 149 408
559 112 603 150 T.
632 109 781 150 LIVII
814 110 1231 152 HISTORIARL'M
1349 162 1394 203 [A
1424 164 1449 194 c
1478 162 1538 195 Ἦ

234 202 402 256 bebant‚
419 203 533 249 nullo
555 205 807 263 impediente
829 205 1021 250 omnibus
1034 205 1270 264 junioribus
1293 210 1551 249 sacramento

235 266 396 312 adactis
426 271 515 313 tres
545 269 757 314 exercitus
794 269 1037 326 scriberent,
1068 285 1199 313 unum
1231 268 1284 313 ad
1314 268 1553 326 praesidium

235 331 365 385 urbis,
403 331 581 377 alterum
618 334 701 391 qui,
738 333 775 377 si
809 333 882 391 qui
917 333 1015 378 alibi
1048 338 1188 378 motus
1223 332 1469 388 exstitisset,
1499 331 1554 377 ad

237 395 379 440 subita
407 395 505 441 belli
535 397 650 441 mitti
679 400 849 455 posset:
893 397 1069 442 tertium
1098 397 1222 455 longe
1252 396 1554 441 validissimum

238 460 288 505 P.
310 460 505 506 Valerius
542 466 584 506 et
616 461 667 506 L.
690 461 887 506 AEmilius
923 461 976 506 ad
1008 463 1214 506 Satricum
1247 461 1430 506 duxere:
1480 460 1555 506 ubi

238 539 366 581 quum
389 526 517 569 aciem
540 526 789 570 instructam
809 525 994 570 hostium
1016 526 1107 570 loco
1136 541 1255 584 aequo
1280 525 1551 579 invenissent,

236 589 446 646 extemplo
482 594 729 648 pugnatum,
765 592 809 633 et
844 593 895 634 ut
927 589 1113 634 nondum
1146 590 1249 634 satis
1285 589 1439 634 claram
1468 589 1556 634 vic-

237 653 387 697 toriam
428 654 488 698 sic
527 669 738 711 prosperae
779 653 870 711 spei
909 669 1093 711 pugnam
1137 653 1270 698 imber
1310 653 1553 711 ingentibus

198 717 429 773 4proceUis
469 718 592 762 fusus
633 717 814 762 diremit.
876 718 1056 763 Postero
1098 717 1165 762 die
1204 718 1358 762 iterata
1397 733 1552 776 pugna,

237 785 281 825 et
302 781 481 840 aliquam
503 782 575 826 diu
593 797 713 840 aequa
732 781 892 827 virtute
913 783 1168 840 fortunaque
1189 781 1354 826 Latinae
1375 783 1555 826 maxime

235 844 422 903 legiones
451 846 577 904 longa
603 846 804 890 societate
834 847 1028 891 militiam
1056 847 1292 891 Romanam
1313 845 1473 891 edoctae
1493 861 1555 890 re-

237 909 426 954 stabant:
456 926 583 968 eques
604 911 817 955 immissus
834 911 999 956 ordines
1015 910 1217 964 turbavit,
1236 910 1418 955 turbatis
1435 910 1556 968 signa

237 974 426 1031 peditum
460 974 588 1028 illata,
621 979 909 1033 quantumque
940 976 1133 1020 Romana
1163 991 1207 1019 se
1237 975 1398 1019 invexit
1430 975 1553 1028 acies,

202 1042 405 1082 5tantum
442 1038 585 1083 hostes
615 1038 751 1097 gradu
781 1039 950 1084 demoti.
1011 1040 1070 1084 Et
1099 1043 1150 1084 ut
1181 1039 1310 1083 semel
1338 1039 1554 1083 inclinavit

238 1118 393 1161 pugna,
411 1105 500 1160 jam
530 1102 806 1148 intolerabilis
835 1103 1028 1148 Romana
1055 1104 1119 1148 vis
1148 1110 1265 1148 erat:
1295 1103 1380 1147 fusi
1409 1103 1554 1147 hostes

239 1183 367 1224 quum
391 1167 612 1223 Satricum,
630 1167 742 1226 quod
763 1167 845 1212 duo
866 1168 995 1212 millia
1015 1167 1111 1212 inde
1134 1167 1289 1221 aberat,
1312 1183 1397 1212 non
1417 1173 1556 1212 castra

238 1236 444 1289 peterent,
475 1231 526 1277 ab
557 1233 699 1290 equite
729 1232 912 1277 maxime
942 1233 1063 1277 caesi:
1097 1238 1236 1277 castra
1266 1237 1388 1290 capta
1418 1232 1555 1290 direp-

203 1300 380 1354 6taque.
440 1296 509 1341 Ab
547 1296 711 1341 Satrico
747 1301 885 1350 nocte,
924 1313 1016 1355 quae
1052 1297 1198 1355 proelio
1233 1297 1423 1355 proxima
1457 1297 1553 1348 fuit,

237 1359 350 1417 fugae
377 1360 503 1405 simili
531 1360 696 1419 agmine
716 1365 869 1418 petunt
891 1361 1083 1414 Antium,
1106 1365 1164 1410 et,
1186 1376 1315 1419 quum
1336 1361 1553 1405 Romanus

238 1425 448 1469 exercitus
477 1440 605 1482 prope
634 1425 823 1484 vestigiis
851 1430 1109 1483 sequeretur,
1141 1425 1234 1483 plus
1262 1430 1404 1470 tamen
1427 1425 1554 1470 timor

239 1505 362 1548 quam
396 1490 459 1534 ira
491 1489 718 1535 celeritatis
753 1489 928 1535 habuit:
975 1490 1090 1548 prius
1127 1490 1269 1548 itaque
1304 1489 1456 1535 moenia
1494 1490 1555 1534 in·

238 1558 402 1599 travere
422 1555 567 1600 hostes
589 1570 711 1613 quam
739 1554 956 1599 Romanus
979 1558 1167 1599 extrema
1186 1554 1362 1613 agminis
1384 1570 1554 1613 carpere

203 1625 312 1667 7aut
347 1620 500 1665 morari
535 1625 690 1679 posset.
763 1620 870 1665 Inde
905 1621 1064 1678 aliquot
1099 1620 1187 1665 dies
1218 1620 1420 1665 vastando
1452 1636 1554 1678 agro

239 1685 450 1744 absumpti
469 1700 547 1730 nec
575 1684 777 1730 Romanis
805 1686 908 1730 satis
936 1686 1155 1731 instructis
1181 1690 1384 1743 apparatu
1405 1685 1554 1730 bellico

239 1749 291 1794 ad
322 1751 473 1795 moem’a
502 1749 782 1808 adgredienda
812 1765 887 1795 nec
917 1750 998 1794 illis
1030 1749 1082 1794 ad
1110 1749 1371 1794 subeundum
1402 1765 1554 1807 pugnae

125 1811 395 1863 (33)easum.
459 1813 618 1859 Seditio
645 1818 738 1858 tum
765 1814 876 1859 inter
902 1815 1097 1859 Antiates
1120 1814 1373 1872 Latinosque
1395 1820 1551 1867 coorta,

241 1895 368 1937 quum
397 1879 594 1923 Antiates
622 1879 724 1924 victi
751 1878 869 1923 malis
898 1879 1144 1937 subactique
1171 1877 1292 1929 bello,
1322 1878 1366 1922 in
1395 1893 1479 1936 quo
1509 1882 1554 1922 et

239 1943 328 1987 nati
350 1949 469 1987 erant
498 1946 541 1987 et
563 1947 881 1996 consenuerant,
905 1943 1159 1987 deditionem
1187 1947 1439 2000 spectarent,
1469 1942 1554 1986 La·

239 2008 351 2052 tinos
379 2023 429 2052 ex
459 2007 622 2052 diutina
651 2023 752 2065 pace
783 2023 890 2052 nova
925 2006 1105 2052 defectio
1141 2006 1380 2051 recentibus
1416 2006 1554 2052 adhuc

239 2071 387 2117 animis
428 2072 649 2117 ferociores
686 2072 739 2117 ad
773 2070 1120 2131 perseverandum
1157 2071 1201 2115 iu
1236 2071 1345 2116 bello
1381 2071 1551 2116 faceret.

201 2141 224 2177 2
239 2136 355 2180 Finis
377 2137 614 2181 certaminis
636 2137 730 2190 fuit,
752 2141 973 2194 postquam
1002 2136 1194 2194 utrisque
1221 2136 1426 2193 apparuit,
1449 2135 1554 2180 nihil

239 2216 314 2259 per
349 2200 501 2245 alteros
537 2208 648 2246 stare
685 2217 766 2259 quo
800 2201 937 2245 minus
973 2199 1140 2258 incepta
1174 2205 1551 2258 persequerentur:

239 2265 385 2312 Latini
411 2265 589 2326 profecti
615 2281 640 2312 a
665 2266 866 2314 societate
892 2265 1078 2328 pacisut
1100 2263 1302 2312 rebantur
1321 2264 1554 2312 inhonestas
