1649 2452
202 104 278 144 642
527 103 572 143 T.
596 102 745 143 LIVII
776 102 1195 142 HISTORIARUM
1309 154 1356 197 [A
1387 155 1412 188 c
1442 155 1504 188 294
1592 155 1595 157 Β

160 203 181 245 7
201 196 310 242 Inde
336 198 560 256 postquam
591 197 801 242 Samnites
830 196 953 241 diffisi
979 195 1143 241 duobus
1174 196 1428 241 exercitibus
1455 211 1520 242 re-

201 262 294 306 sisti
322 276 446 319 posse
473 265 752 315 recesserunt,
783 261 937 306 diversi
971 261 1164 305 eonsules
1205 261 1259 305 ad
1293 260 1520 306 vastandos

203 340 327 384 agros
349 326 558 384 urbesque
580 325 883 384 oppugnandas
906 325 1140 369 discedunt.

83 392 187 447 (34)
259 391 505 435 Postumius
541 391 775 434 Milioniam
817 405 1061 448 oppugnare
1095 389 1268 433 adortus
1303 389 1346 434 vi
1386 389 1522 447 primo

202 458 329 513 atque
356 455 531 513 impetu,
565 455 674 507 dein,
707 457 930 513 postquam
961 469 1012 499 ea
1040 467 1189 512 parum
1223 453 1520 511 procedebant,

201 534 325 577 opere
347 535 395 565 ac
415 520 549 565 vineis
570 519 735 564 demum
768 518 968 578 injunctis
996 533 1118 562 muro
1147 518 1286 575 cepit:
1320 517 1378 563 ibi
1397 521 1522 576 capta

201 583 282 641 jam
304 584 408 629 urbe
430 584 480 629 ab
502 584 606 628 hora
633 587 784 642 quarta
812 598 947 641 usque
973 582 1026 627 ad
1053 585 1243 627 octavam
1264 581 1352 627 fere
1372 581 1518 639 horam

201 648 393 693 omnibus
423 648 615 706 partibus
645 648 764 693 urbis
795 647 868 692 diu
898 648 1059 692 incerto
1090 649 1246 691 eventu
1281 649 1519 704 pugnatum

200 717 293 757 est:
332 716 545 770 postremo
585 713 749 771 potitur
784 713 938 770 oppido
980 713 1225 756 Romanus:
1269 711 1520 755 Samnitium

200 778 296 822 caesi
326 778 409 822 tria
438 777 567 821 millia
596 777 779 830 ducenti,
813 777 928 833 eapti
959 780 1162 835 quattuor
1196 775 1327 820 millia
1360 775 1521 833 septin-

161 842 318 898 agenti
357 846 510 900 praeter
551 841 733 899 praedam
774 841 907 885 aliam.
977 840 1085 885 Inde
1124 840 1338 884 Feritrum
1380 840 1519 884 ductae

200 906 399 963 legiones,
430 906 543 951 unde
574 906 771 964 oppidani
800 921 896 950 cum
924 905 1116 949 omnibus
1147 903 1275 948 rebus
1304 903 1404 957 suis,
1427 918 1520 962 quae

201 970 301 1014 ferri
332 970 483 1029 agique
514 973 757 1029 potuerunt,
790 973 914 1014 nocte
945 985 1020 1028 per
1050 983 1237 1012 aversam
1268 970 1431 1025 portam
1464 967 1520 1012 si·

161 1041 183 1077 3
200 1033 330 1078 lentio
352 1038 637 1079 excesserunt.
699 1033 841 1092 Igitur
862 1033 987 1078 simul
1012 1033 1181 1077 advenit
1203 1031 1361 1086 consul,
1381 1031 1518 1089 primo

199 1098 261 1142 ita
291 1099 547 1156 compositus
579 1099 901 1156 instructusque
930 1097 1134 1142 moenibus
1166 1095 1382 1150 successit,
1415 1099 1519 1140 tam-

200 1179 325 1221 quam
346 1162 456 1207 idem
478 1163 592 1220 quod
619 1163 672 1207 ad
700 1163 934 1207 Milioniam
963 1163 1102 1206 suerat
1128 1161 1368 1206 certaminis
1396 1160 1519 1214 foret,

201 1227 362 1280 deinde,
385 1231 435 1272 ut
456 1228 669 1272 silentium
691 1231 858 1271 vastum
879 1226 923 1271 in
952 1226 1056 1271 urbe
1076 1241 1154 1270 nec
1175 1239 1289 1269 arma
1308 1238 1386 1270 nee
1405 1224 1519 1269 viros

200 1292 243 1336 in
277 1292 466 1336 turribus
498 1307 547 1337 ac
575 1291 707 1336 muris
738 1291 858 1344 vidit,
891 1291 1060 1335 avidum
1094 1289 1319 1334 invadendi
1353 1288 1520 1334 deserta

201 1356 353 1401 moenia
382 1357 557 1401 militem
589 1355 764 1410 detinet,
786 1371 839 1400 ne
871 1370 995 1414 quam
1026 1354 1234 1400 occultam
1258 1353 1303 1398 in
1329 1353 1519 1398 fraudem

200 1422 396 1466 incautus
418 1425 586 1466 rueret:
620 1421 725 1466 duas
746 1423 907 1465 turmas
939 1420 1148 1464 sociorum
1175 1419 1320 1464 Latini
1338 1417 1518 1462 nominis

200 1486 550 1544 circumequitare
590 1485 743 1530 moenia
783 1488 910 1543 atque
951 1484 1168 1543 explorare
1207 1482 1347 1528 omnia
1381 1482 1516 1541 jubet.

159 1554 182 1589 4
198 1551 377 1609 Equites
403 1555 569 1608 portam
599 1565 725 1594 unam
752 1549 1009 1608 alteramque
1034 1547 1208 1594 eandem
1234 1547 1447 1606 regionem
1474 1547 1519 1592 in

198 1615 435 1673 propinquo
466 1618 660 1673 patentes
691 1614 956 1672 conspiciunt
986 1613 1291 1671 itineribusque
1330 1611 1396 1656 his
1426 1626 1519 1656 ves-

197 1679 303 1737 tigia
333 1684 550 1724 nocturnae
580 1679 767 1723 hostium
798 1679 935 1737 fugae:
968 1677 1215 1736 adequitant
1244 1675 1395 1721 deinde
1425 1690 1519 1721 sen·

198 1744 277 1788 sim
305 1744 439 1802 portis
468 1743 700 1802 urbemque
731 1758 783 1788 ex
814 1747 910 1788 tuto
939 1743 1067 1788 rectis
1088 1741 1310 1787 itineribus
1331 1740 1516 1798 perviam

198 1808 489 1866 conspiciunt:
523 1807 577 1852 ad
603 1807 818 1852 consulem
845 1807 1036 1852 referunt
1064 1821 1281 1852 excessum
1311 1804 1428 1858 urbe,
1451 1818 1517 1849 so·

198 1873 374 1918 litudiue
401 1872 514 1917 haud
545 1871 673 1917 dubia
703 1872 747 1916 id
780 1872 1047 1930 perspicuum
1078 1887 1172 1917 esse
1202 1875 1245 1916 et
1276 1868 1515 1914 recentibus

198 1938 386 1996 vestigiis
423 1938 535 1996 fugae
570 1952 619 1983 ae
658 1940 800 1995 strage
840 1952 980 1981 rerum
1016 1937 1061 1981 in
1099 1935 1379 1994 trepidatione
1417 1947 1517 1978 noc-

158 2006 180 2043 5
199 2006 324 2046 tui-na
357 2002 598 2047 relictarum
629 2002 796 2059 passim.
859 2001 941 2046 His
979 2001 1134 2046 auditis
1165 1998 1311 2046 consul
1341 1997 1394 2042 ad
1424 2012 1513 2042 eam

199 2073 359 2125 partem
388 2066 516 2119 urbis,
548 2081 673 2125 quam
703 2066 894 2111 adierant
930 2067 1107 2125 equites,
1136 2062 1411 2111 circumducit
1443 2076 1515 2120 ag·

199 2147 320 2175 meu:
373 2131 618 2176 constitutis
658 2131 771 2176 haud
810 2131 957 2189 procul
996 2134 1119 2189 porta
1158 2128 1290 2188 signis
1330 2126 1514 2186 quinque

197 2196 360 2252 equites
383 2194 505 2252 jubet
532 2195 690 2240 intrare
717 2195 862 2241 urbem
893 2198 938 2240 et
967 2195 1174 2241 modicum
1206 2191 1388 2252 spatium
1418 2204 1514 2249 pro-

196 2273 362 2318 gressos
385 2266 471 2305 tres
494 2273 658 2306 numere
680 2259 824 2307 codem
853 2260 945 2308 loco
972 2259 1009 2307 si
1035 2263 1129 2318 tuta
1151 2259 1384 2313 videantur,
1407 2255 1511 2304 duos
