1649 2452
186 71 265 115 578
496 71 543 110 T.
573 70 722 110 LIVII
753 70 1171 115 HISTORIARUM
1295 121 1500 161 [bam.

186 179 282 210 eum
303 163 408 213 male
429 166 549 221 parta
578 163 684 208 male
713 166 834 221 gesta
853 162 960 208 male
988 165 1156 207 retenta
1184 161 1383 217 imperia:
1412 163 1503 208 hoeo

187 232 252 272 est
293 227 436 275 eadem
475 227 642 279 familia,
686 227 889 280 Quirites,
930 229 1052 283 cujus
1092 227 1134 272 vi
1174 230 1300 284 atque
1339 226 1502 283 injuriis

187 292 392 349 compulsi
413 295 600 334 extorres
629 291 765 348 patria
787 290 959 335 Sacrum
990 294 1176 335 montem
1197 289 1380 347 cepistis,
1402 289 1505 345 haec,

188 356 386 400 adversus
411 370 536 412 quam
555 353 827 398 tribunicium
857 354 1057 398 auxilium
1078 353 1196 398 vobis
1217 353 1503 410 comparastis,

187 419 290 473 haec,
312 424 482 476 propter
504 433 627 475 quam
649 417 732 461 duo
760 417 970 462 exercitus
990 418 1248 462 Aventinum
1276 416 1503 471 insedistis,

191 484 291 536 haec,
330 499 422 540 quae
462 481 653 526 fenebres
693 482 820 539 leges,
858 482 960 535 haec,
997 497 1090 539 quae
1125 481 1308 538 agrarias
1343 496 1507 540 semper

190 547 479 605 impugnavit:
512 546 601 590 haec
621 545 828 590 connubia
855 548 1020 603 patrum
1043 549 1086 590 et
1113 545 1245 603 plebis
1265 545 1505 603 interrupit,

190 611 280 655 haec
312 610 423 668 plebi
457 609 509 654 ad
544 609 709 655 curules
750 610 1023 668 magistratus
1058 609 1140 654 iter
1174 609 1398 666 obsaepsitz
1428 609 1509 654 hoc

191 679 256 719 est
284 690 437 718 nomen
466 674 599 718 multo
626 690 750 732 quam
780 673 1105 731 Tarquiniorum
1134 673 1330 718 infestius
1358 677 1510 718 vestrm

155 748 179 785 2
191 739 386 783 libertati.
448 738 571 783 Itane
591 737 771 791 tandem,
788 739 903 796 Appi
922 737 1089 792 Claudi,
1106 753 1235 795 quum
1255 737 1510 782 centesimus

187 804 275 861 jam
302 817 435 846 annus
464 802 520 846 sit
548 802 601 846 ab
629 802 761 846 Mam.
783 802 953 846 AEmilio
986 801 1204 854 dictatore,
1225 805 1292 845 tot
1316 815 1510 846 censores

190 867 348 910 fuerint
367 866 613 910 nobilissimi
641 866 940 923 fortissimique
971 866 1062 918 viri,
1085 881 1208 910 nemo
1236 880 1381 910 eorum
1407 864 1511 910 duo·

194 930 324 977 decim
352 929 516 974 tabulas
545 929 681 988 legit?
713 944 834 974 nemo
864 929 907 973 id
931 933 1004 987 jus
1035 945 1127 975 esse
1157 929 1270 986 quod
1298 932 1511 987 postremo

194 994 373 1052 populus
388 994 586 1051 jussisset
617 994 746 1039 sciit?
776 994 903 1037 immo
930 1009 1029 1038 vero
1057 1008 1200 1038 omnes
1228 994 1440 1038 sciverunt
1467 997 1512 1038 et

195 1058 288 1102 ideo
316 1057 498 1103 AEmiliae
526 1058 667 1115 potius
697 1057 782 1116 legi
810 1062 1041 1115 paruerunt
1072 1073 1197 1115 quam
1225 1057 1286 1102 illi
1314 1058 1510 1116 antiquie,

197 1138 279 1180 qua
300 1123 482 1180 primum
503 1137 696 1166 censores
717 1122 848 1166 creati
869 1127 1000 1175 erant,
1020 1123 1117 1180 quia
1136 1122 1243 1166 hanc
1259 1126 1511 1179 postremam

192 1191 380 1243 jusserat
400 1186 593 1243 populus,
614 1189 657 1230 et
679 1186 787 1244 quia,
808 1186 881 1230 ubi
903 1185 994 1231 duae
1016 1187 1234 1230 contrariae
1254 1186 1369 1244 leges
1397 1191 1511 1240 suut,

159 1263 361 1309 3semper
395 1251 577 1308 antiquae
614 1250 790 1309 obrogat
829 1266 949 1295 nova.
1010 1253 1081 1295 An
1112 1251 1194 1296 hoc
1230 1251 1346 1307 dicis,
1380 1253 1511 1310 Appi,

197 1316 436 1362 non.teneri
467 1316 638 1360 AEmilia
667 1316 760 1374 lege
787 1315 1019 1373 populum?
1052 1331 1104 1360 an
1134 1315 1336 1374 populum
1365 1317 1514 1372 teneri,

198 1386 243 1425 te
276 1396 408 1424 unum
441 1380 628 1438 exlegem
663 1381 786 1425 esse?
822 1380 960 1424 tenuit
995 1380 1168 1424 AEmilia
1204 1380 1274 1424 lex
1306 1380 1514 1425 violentos

198 1446 291 1490 illos
326 1459 517 1489 censores
559 1444 606 1488 C.
628 1444 804 1488 Furium
845 1450 889 1488 et
928 1444 992 1488 M.
1017 1443 1264 1503 Geganium,
1302 1444 1375 1502 qui
1414 1443 1516 1503 quid

199 1510 281 1554 iste
300 1509 572 1566 magistratus
600 1509 644 1553 in
671 1525 716 1552 re
744 1508 909 1566 publica
938 1508 1045 1553 male
1074 1509 1211 1553 facere
1237 1513 1383 1566 possct
1411 1507 1516 1554 indi·

200 1575 363 1630 carunt,
384 1589 510 1631 quum
533 1573 595 1616 ira
615 1573 742 1617 flnitoe
763 1573 986 1630 potestatis
1011 1573 1143 1617 Mam.
1165 1573 1383 1617 AEmilium
1403 1573 1516 1631 prin-

201 1639 333 1696 cipem
364 1637 500 1682 aetatis
531 1652 617 1681 suae
647 1637 744 1681 belli
772 1636 965 1695 domique
993 1637 1185 1681 aerarium
1211 1637 1420 1682 fecerunt:
1452 1641 1517 1681 te-

201 1702 294 1746 nuit
327 1702 521 1759 deinceps
556 1716 699 1745 omnes
735 1715 927 1745 censores
963 1701 1075 1753 intra
1109 1705 1278 1746 centum
1313 1715 1516 1756 annorum

203 1766 397 1823 spatium,
419 1769 537 1809 tenet
567 1765 614 1809 C.
639 1765 850 1809 Plautium
880 1764 1082 1823 collegam
1108 1769 1230 1810 tuum
1258 1763 1394 1809 isdem
1424 1780 1516 1809 aus-

162 1841 187 1877 4
203 1830 320 1887 piciis
341 1829 486 1874 eodem
500 1832 597 1886 jure
619 1834 819 1874 creatum.
874 1831 941 1873 Au
961 1829 1072 1874 hunc
1091 1844 1176 1874 nou
1195 1833 1245 1873 ut
1266 1828 1338 1887 qui
1357 1829 1517 1886 optimo

198 1896 293 1952 jure
333 1909 479 1938 censor
519 1899 684 1937 creatus
724 1896 836 1937 esset
876 1893 1055 1950 populus
1095 1893 1286 1938 creavit?
1324 1897 1372 1937 tu
1406 1907 1517 1938 unus

205 1959 380 2003 eximius
401 1974 459 2011 es,
482 1958 525 2002 in
546 1973 628 2015 quo
650 1957 727 2002 hoc
753 1958 1009 2016 praecipuum
1036 1972 1084 2002 ac
1111 1956 1321 2016 singulare
1347 1956 1517 2003 valeat?

205 2039 327 2080 quem
367 2027 435 2067 tu·
455 2038 596 2080 regem
637 2022 932 2069 sacrificiorum
973 2037 1102 2074 crees,
1144 2020 1357 2078 amplexus
1398 2021 1518 2080 regni

205 2102 356 2131 nomeu
382 2090 431 2131 ut
459 2087 532 2144 qui
559 2087 717 2144 optimo
745 2086 841 2144 jure
861 2101 936 2131 rex
957 2086 1103 2131 Romae
1123 2091 1290 2130 creatus
1317 2086 1374 2130 sit
1403 2100 1518 2130 crea-

206 2155 294 2195 tum
319 2167 362 2193 sc
385 2151 521 2196 dicct?
555 2166 674 2208 qucuu
699 2150 890 2199 semestri
912 2149 1120 2195 dictatura
1134 2165 1254 2208 quem
1275 2148 1519 2207 interregno

208 2215 390 2289 quinque
431 2215 592 2271 dictum
633 2220 876 2280 contentum
919 2215 1008 2262 sore
1046 2215 1205 2281 putes?
1249 2228 1373 2285 quein
1411 2213 1519 2283 clay}
