<?xml version="1.0" encoding="UTF-8"?>
<!DOCTYPE html PUBLIC "-//W3C//DTD XHTML 1.0 Transitional//EN"
    "http://www.w3.org/TR/xhtml1/DTD/xhtml1-transitional.dtd">
<html xmlns="http://www.w3.org/1999/xhtml" xml:lang="en" lang="en">
 <head>
  <title>
</title>
<meta http-equiv="Content-Type" content="text/html;charset=utf-8" />
  <meta name='ocr-system' content='tesseract 3.04.00' />
  <meta name='ocr-capabilities' content='ocr_page ocr_carea ocr_par ocr_line ocrx_word'/>
</head>
<body>
  <div class='ocr_page' id='page_1' title='image "./historiarum00livyuoft_0267.png"; bbox 0 0 1649 2452; ppageno 0'>
   <div class='ocr_carea' id='block_1_1' title="bbox 77 84 1398 180">
    <p class='ocr_par' dir='ltr' id='par_1_1' title="bbox 77 84 1398 180">
     <span class='ocr_line' id='line_1_1' title="bbox 530 84 1398 129; baseline 0.002 -3"><span class='ocrx_word' id='word_1_1' title='bbox 530 85 643 127; x_wconf 89' lang='lat' dir='ltr'><strong>LIB.</strong></span> <span class='ocrx_word' id='word_1_2' title='bbox 673 84 726 126; x_wconf 90' lang='lat' dir='ltr'><strong>X.</strong></span> <span class='ocrx_word' id='word_1_3' title='bbox 760 87 928 127; x_wconf 80' lang='lat'><strong>14—16.</strong></span> <span class='ocrx_word' id='word_1_4' title='bbox 1316 85 1398 129; x_wconf 88' lang='grc'><strong>617</strong></span> 
     </span>
     <span class='ocr_line' id='line_1_2' title="bbox 77 140 291 180; baseline 0 -7"><span class='ocrx_word' id='word_1_5' title='bbox 77 140 122 175; x_wconf 76' lang='grc' dir='ltr'><strong>Α.</strong></span> <span class='ocrx_word' id='word_1_6' title='bbox 136 141 175 173; x_wconf 89' lang='lat' dir='ltr'><strong>c.</strong></span> <span class='ocrx_word' id='word_1_7' title='bbox 188 140 291 180; x_wconf 82' lang='lat'><strong>296.]·</strong></span> 
     </span>
    </p>
   </div>
   <div class='ocr_carea' id='block_1_2' title="bbox 73 179 1513 2114">
    <p class='ocr_par' dir='ltr' id='par_1_2' title="bbox 73 179 1444 1659">
     <span class='ocr_line' id='line_1_3' title="bbox 74 179 1443 240; baseline -0.002 -14"><span class='ocrx_word' id='word_1_8' title='bbox 74 182 385 240; x_wconf 84' lang='lat' dir='ltr'><strong>populatarum.</strong></span> <span class='ocrx_word' id='word_1_9' title='bbox 445 180 602 225; x_wconf 82' lang='lat' dir='ltr'><strong>Fabius</strong></span> <span class='ocrx_word' id='word_1_10' title='bbox 642 181 771 226; x_wconf 84' lang='lat' dir='ltr'><strong>etiam</strong></span> <span class='ocrx_word' id='word_1_11' title='bbox 808 181 958 226; x_wconf 89' lang='lat' dir='ltr'><strong>urbem</strong></span> <span class='ocrx_word' id='word_1_12' title='bbox 994 179 1223 226; x_wconf 79' lang='lat' dir='ltr'><strong>Cimetram</strong></span> <span class='ocrx_word' id='word_1_13' title='bbox 1259 180 1395 238; x_wconf 86' lang='lat' dir='ltr'><strong>cepit:</strong></span> <span class='ocrx_word' id='word_1_14' title='bbox 1415 187 1443 224; x_wconf 83' lang='lat'>4</span> 
     </span>
     <span class='ocr_line' id='line_1_4' title="bbox 74 245 1398 305; baseline -0.002 -14"><span class='ocrx_word' id='word_1_15' title='bbox 74 246 136 292; x_wconf 87' lang='lat' dir='ltr'><strong>ibi</strong></span> <span class='ocrx_word' id='word_1_16' title='bbox 156 249 280 305; x_wconf 87' lang='lat' dir='ltr'><strong>capta</strong></span> <span class='ocrx_word' id='word_1_17' title='bbox 298 247 554 290; x_wconf 86' lang='lat' dir='ltr'><strong>armatorum</strong></span> <span class='ocrx_word' id='word_1_18' title='bbox 570 245 654 290; x_wconf 90' lang='lat' dir='ltr'><strong>duo</strong></span> <span class='ocrx_word' id='word_1_19' title='bbox 669 246 798 291; x_wconf 90' lang='lat' dir='ltr'><strong>millia</strong></span> <span class='ocrx_word' id='word_1_20' title='bbox 817 245 1034 304; x_wconf 85' lang='lat' dir='ltr'><strong>nongenti,</strong></span> <span class='ocrx_word' id='word_1_21' title='bbox 1050 245 1146 290; x_wconf 88' lang='lat' dir='ltr'><strong>caesi</strong></span> <span class='ocrx_word' id='word_1_22' title='bbox 1160 248 1398 302; x_wconf 81' lang='lat' dir='ltr'><strong>pugnantes</strong></span> 
     </span>
     <span class='ocr_line' id='line_1_5' title="bbox 75 309 1439 368; baseline -0.001 -13"><span class='ocrx_word' id='word_1_23' title='bbox 75 311 208 355; x_wconf 86' lang='lat' dir='ltr'><strong>ferme</strong></span> <span class='ocrx_word' id='word_1_24' title='bbox 236 310 442 368; x_wconf 76' lang='lat' dir='ltr'>nongenti</span> <span class='ocrx_word' id='word_1_25' title='bbox 470 309 660 368; x_wconf 87' lang='lat' dir='ltr'><strong>triginta.</strong></span> <span class='ocrx_word' id='word_1_26' title='bbox 722 310 830 355; x_wconf 91' lang='lat' dir='ltr'><strong>Inde</strong></span> <span class='ocrx_word' id='word_1_27' title='bbox 860 310 1125 355; x_wconf 89' lang='lat' dir='ltr'><strong>comitiorum</strong></span> <span class='ocrx_word' id='word_1_28' title='bbox 1156 324 1282 354; x_wconf 90' lang='lat' dir='ltr'><strong>causa</strong></span> <span class='ocrx_word' id='word_1_29' title='bbox 1310 309 1400 353; x_wconf 82' lang='lat' dir='ltr'><strong>Ro·</strong></span> <span class='ocrx_word' id='word_1_30' title='bbox 1415 315 1439 354; x_wconf 90' lang='lat'><strong><em>5</em></strong></span> 
     </span>
     <span class='ocr_line' id='line_1_6' title="bbox 75 373 1400 433; baseline 0 -15"><span class='ocrx_word' id='word_1_31' title='bbox 75 390 189 419; x_wconf 89' lang='lat' dir='ltr'><strong>mam</strong></span> <span class='ocrx_word' id='word_1_32' title='bbox 208 374 426 432; x_wconf 88' lang='lat' dir='ltr'><strong>profectus</strong></span> <span class='ocrx_word' id='word_1_33' title='bbox 440 375 671 418; x_wconf 84' lang='lat' dir='ltr'><strong>maturavit</strong></span> <span class='ocrx_word' id='word_1_34' title='bbox 688 389 780 419; x_wconf 89' lang='lat' dir='ltr'><strong>eam</strong></span> <span class='ocrx_word' id='word_1_35' title='bbox 800 390 888 419; x_wconf 90' lang='lat' dir='ltr'><strong>rem</strong></span> <span class='ocrx_word' id='word_1_36' title='bbox 910 389 1047 433; x_wconf 88' lang='lat' dir='ltr'><strong>agere.</strong></span> <span class='ocrx_word' id='word_1_37' title='bbox 1100 374 1245 421; x_wconf 79' lang='lat' dir='ltr'><strong>Quum</strong></span> <span class='ocrx_word' id='word_1_38' title='bbox 1268 373 1400 430; x_wconf 86' lang='lat' dir='ltr'><strong>primo</strong></span> 
     </span>
     <span class='ocr_line' id='line_1_7' title="bbox 77 437 1398 491; baseline -0.002 -8"><span class='ocrx_word' id='word_1_39' title='bbox 77 442 237 484; x_wconf 84' lang='lat' dir='ltr'><strong>vocatae</strong></span> <span class='ocrx_word' id='word_1_40' title='bbox 268 438 324 487; x_wconf 78' lang='lat' dir='ltr'><strong>Q.</strong></span> <span class='ocrx_word' id='word_1_41' title='bbox 346 438 525 484; x_wconf 89' lang='lat' dir='ltr'><strong>Fabium</strong></span> <span class='ocrx_word' id='word_1_42' title='bbox 554 439 768 484; x_wconf 88' lang='lat' dir='ltr'><strong>consulem</strong></span> <span class='ocrx_word' id='word_1_43' title='bbox 797 439 985 484; x_wconf 81' lang='lat' dir='ltr'>dicerent</span> <span class='ocrx_word' id='word_1_44' title='bbox 1014 454 1157 483; x_wconf 90' lang='lat' dir='ltr'><strong>omnes</strong></span> <span class='ocrx_word' id='word_1_45' title='bbox 1186 437 1398 491; x_wconf 70' lang='lat' dir='ltr'><strong>centuriae,</strong></span> 
     </span>
     <span class='ocr_line' id='line_1_8' title="bbox 77 502 1401 561; baseline -0.001 -14"><span class='ocrx_word' id='word_1_46' title='bbox 77 505 158 561; x_wconf 93' lang='lat' dir='ltr'><strong>Ap.</strong></span> <span class='ocrx_word' id='word_1_47' title='bbox 181 503 383 548; x_wconf 86' lang='lat' dir='ltr'><strong>Claudius</strong></span> <span class='ocrx_word' id='word_1_48' title='bbox 424 502 655 548; x_wconf 83' lang='lat' dir='ltr'><strong>consularis</strong></span> <span class='ocrx_word' id='word_1_49' title='bbox 696 503 1069 549; x_wconf 73' lang='lat' dir='ltr'><strong>candidatus—vir</strong></span> <span class='ocrx_word' id='word_1_50' title='bbox 1105 518 1201 547; x_wconf 87' lang='lat' dir='ltr'><strong>acer</strong></span> <span class='ocrx_word' id='word_1_51' title='bbox 1236 506 1279 546; x_wconf 90' lang='lat' dir='ltr'><strong>et</strong></span> <span class='ocrx_word' id='word_1_52' title='bbox 1314 518 1401 546; x_wconf 91' lang='lat' dir='ltr'><strong>am-</strong></span> 
     </span>
     <span class='ocr_line' id='line_1_9' title="bbox 74 566 1402 626; baseline -0.001 -14"><span class='ocrx_word' id='word_1_53' title='bbox 74 567 402 613; x_wconf 88' lang='lat' dir='ltr'><strong>bitiosus—non</strong></span> <span class='ocrx_word' id='word_1_54' title='bbox 421 568 488 612; x_wconf 89' lang='lat' dir='ltr'><strong>sui</strong></span> <span class='ocrx_word' id='word_1_55' title='bbox 507 568 643 626; x_wconf 88' lang='lat' dir='ltr'><strong>magis</strong></span> <span class='ocrx_word' id='word_1_56' title='bbox 663 567 835 613; x_wconf 89' lang='lat' dir='ltr'><strong>honoris</strong></span> <span class='ocrx_word' id='word_1_57' title='bbox 864 583 989 613; x_wconf 87' lang='lat' dir='ltr'><strong>causa</strong></span> <span class='ocrx_word' id='word_1_58' title='bbox 1019 583 1140 626; x_wconf 88' lang='lat' dir='ltr'><strong>quam</strong></span> <span class='ocrx_word' id='word_1_59' title='bbox 1164 571 1214 611; x_wconf 91' lang='lat' dir='ltr'><strong>ut</strong></span> <span class='ocrx_word' id='word_1_60' title='bbox 1234 566 1402 625; x_wconf 90' lang='lat' dir='ltr'><strong>patricii</strong></span> 
     </span>
     <span class='ocr_line' id='line_1_10' title="bbox 76 631 1400 691; baseline 0 -15"><span class='ocrx_word' id='word_1_61' title='bbox 76 636 373 689; x_wconf 80' lang='lat' dir='ltr'><strong>recuperarent</strong></span> <span class='ocrx_word' id='word_1_62' title='bbox 401 631 486 677; x_wconf 94' lang='lat' dir='ltr'><strong>duo</strong></span> <span class='ocrx_word' id='word_1_63' title='bbox 514 632 750 677; x_wconf 85' lang='lat' dir='ltr'><strong>consularia</strong></span> <span class='ocrx_word' id='word_1_64' title='bbox 768 632 872 687; x_wconf 83' lang='lat' dir='ltr'><strong>loca,</strong></span> <span class='ocrx_word' id='word_1_65' title='bbox 894 649 1022 691; x_wconf 90' lang='lat' dir='ltr'><strong>quum</strong></span> <span class='ocrx_word' id='word_1_66' title='bbox 1046 632 1132 676; x_wconf 87' lang='lat' dir='ltr'><strong>suis</strong></span> <span class='ocrx_word' id='word_1_67' title='bbox 1154 636 1246 676; x_wconf 89' lang='lat' dir='ltr'><strong>tum</strong></span> <span class='ocrx_word' id='word_1_68' title='bbox 1266 632 1400 676; x_wconf 86' lang='lat' dir='ltr'><strong>totins</strong></span> 
     </span>
     <span class='ocr_line' id='line_1_11' title="bbox 73 695 1400 749; baseline -0.001 -8"><span class='ocrx_word' id='word_1_69' title='bbox 73 696 310 741; x_wconf 85' lang='lat' dir='ltr'><strong>nobilitatis</strong></span> <span class='ocrx_word' id='word_1_70' title='bbox 338 696 498 741; x_wconf 76' lang='lat' dir='ltr'><strong>viribus</strong></span> <span class='ocrx_word' id='word_1_71' title='bbox 526 696 734 749; x_wconf 87' lang='lat' dir='ltr'><strong>incubuit,</strong></span> <span class='ocrx_word' id='word_1_72' title='bbox 756 713 801 741; x_wconf 90' lang='lat' dir='ltr'><strong>se</strong></span> <span class='ocrx_word' id='word_1_73' title='bbox 829 712 924 742; x_wconf 91' lang='lat' dir='ltr'><strong>cum</strong></span> <span class='ocrx_word' id='word_1_74' title='bbox 948 697 1005 746; x_wconf 80' lang='lat' dir='ltr'><strong>Q.</strong></span> <span class='ocrx_word' id='word_1_75' title='bbox 1027 696 1158 740; x_wconf 88' lang='lat' dir='ltr'><strong>Fabio</strong></span> <span class='ocrx_word' id='word_1_76' title='bbox 1185 695 1400 741; x_wconf 85' lang='lat' dir='ltr'><strong>consulem</strong></span> 
     </span>
     <span class='ocr_line' id='line_1_12' title="bbox 76 760 1442 820; baseline -0.001 -14"><span class='ocrx_word' id='word_1_77' title='bbox 76 761 280 806; x_wconf 86' lang='lat' dir='ltr'><strong>dicerent.</strong></span> <span class='ocrx_word' id='word_1_78' title='bbox 340 760 497 806; x_wconf 86' lang='lat' dir='ltr'><strong>Fabius</strong></span> <span class='ocrx_word' id='word_1_79' title='bbox 528 761 664 820; x_wconf 89' lang='lat' dir='ltr'><strong>primo</strong></span> <span class='ocrx_word' id='word_1_80' title='bbox 693 761 745 806; x_wconf 91' lang='lat' dir='ltr'><strong>de</strong></span> <span class='ocrx_word' id='word_1_81' title='bbox 776 777 822 806; x_wconf 90' lang='lat' dir='ltr'><strong>se</strong></span> <span class='ocrx_word' id='word_1_82' title='bbox 850 761 995 806; x_wconf 89' lang='lat' dir='ltr'><strong>eadem</strong></span> <span class='ocrx_word' id='word_1_83' title='bbox 1026 762 1114 806; x_wconf 82' lang='lat' dir='ltr'><strong>sere</strong></span> <span class='ocrx_word' id='word_1_84' title='bbox 1142 777 1234 819; x_wconf 88' lang='lat' dir='ltr'><strong>quae</strong></span> <span class='ocrx_word' id='word_1_85' title='bbox 1261 761 1400 819; x_wconf 91' lang='lat' dir='ltr'><strong>priore</strong></span> <span class='ocrx_word' id='word_1_86' title='bbox 1417 767 1442 805; x_wconf 91' lang='lat'>6</span> 
     </span>
     <span class='ocr_line' id='line_1_13' title="bbox 76 825 1401 871; baseline 0 -1"><span class='ocrx_word' id='word_1_87' title='bbox 76 841 186 870; x_wconf 86' lang='lat' dir='ltr'><strong>anno</strong></span> <span class='ocrx_word' id='word_1_88' title='bbox 218 825 393 870; x_wconf 90' lang='lat' dir='ltr'><strong>dicendo</strong></span> <span class='ocrx_word' id='word_1_89' title='bbox 425 825 634 870; x_wconf 82' lang='lat' dir='ltr'><strong>abnuere:</strong></span> <span class='ocrx_word' id='word_1_90' title='bbox 666 826 939 871; x_wconf 88' lang='lat' dir='ltr'><strong>circumstare</strong></span> <span class='ocrx_word' id='word_1_91' title='bbox 974 825 1120 870; x_wconf 86' lang='lat' dir='ltr'><strong>sellam</strong></span> <span class='ocrx_word' id='word_1_92' title='bbox 1156 826 1291 870; x_wconf 89' lang='lat' dir='ltr'><strong>omnis</strong></span> <span class='ocrx_word' id='word_1_93' title='bbox 1326 841 1401 870; x_wconf 92' lang='lat' dir='ltr'><strong>no-</strong></span> 
     </span>
     <span class='ocr_line' id='line_1_14' title="bbox 73 889 1401 948; baseline 0 -14"><span class='ocrx_word' id='word_1_94' title='bbox 73 890 229 945; x_wconf 87' lang='lat' dir='ltr'><strong>bilitas,</strong></span> <span class='ocrx_word' id='word_1_95' title='bbox 250 905 370 935; x_wconf 88' lang='lat' dir='ltr'><strong>orare</strong></span> <span class='ocrx_word' id='word_1_96' title='bbox 391 893 440 934; x_wconf 88' lang='lat' dir='ltr'><strong>ut</strong></span> <span class='ocrx_word' id='word_1_97' title='bbox 461 905 514 934; x_wconf 80' lang='lat' dir='ltr'><strong>ex</strong></span> <span class='ocrx_word' id='word_1_98' title='bbox 541 905 660 935; x_wconf 88' lang='lat' dir='ltr'><strong>coeno</strong></span> <span class='ocrx_word' id='word_1_99' title='bbox 686 889 850 948; x_wconf 91' lang='lat' dir='ltr'><strong>plebeio</strong></span> <span class='ocrx_word' id='word_1_100' title='bbox 875 890 1139 935; x_wconf 85' lang='lat' dir='ltr'><strong>consulatum</strong></span> <span class='ocrx_word' id='word_1_101' title='bbox 1161 890 1401 935; x_wconf 77' lang='lat' dir='ltr'><strong>extraheret</strong></span> 
     </span>
     <span class='ocr_line' id='line_1_15' title="bbox 74 955 1400 1013; baseline 0.001 -14"><span class='ocrx_word' id='word_1_102' title='bbox 74 955 426 1013; x_wconf 88' lang='lat' dir='ltr'><strong>majestatemque</strong></span> <span class='ocrx_word' id='word_1_103' title='bbox 461 955 684 1012; x_wconf 89' lang='lat' dir='ltr'><strong>pristinam</strong></span> <span class='ocrx_word' id='word_1_104' title='bbox 719 970 850 1012; x_wconf 89' lang='lat' dir='ltr'><strong>quum</strong></span> <span class='ocrx_word' id='word_1_105' title='bbox 892 955 1041 999; x_wconf 89' lang='lat' dir='ltr'><strong>honori</strong></span> <span class='ocrx_word' id='word_1_106' title='bbox 1080 959 1172 999; x_wconf 90' lang='lat' dir='ltr'><strong>tum</strong></span> <span class='ocrx_word' id='word_1_107' title='bbox 1212 955 1400 1013; x_wconf 86' lang='lat' dir='ltr'><strong>patriciis</strong></span> 
     </span>
     <span class='ocr_line' id='line_1_16' title="bbox 79 1017 1444 1076; baseline 0.002 -14"><span class='ocrx_word' id='word_1_108' title='bbox 79 1018 278 1076; x_wconf 86' lang='lat' dir='ltr'><strong>gentibus</strong></span> <span class='ocrx_word' id='word_1_109' title='bbox 299 1017 506 1063; x_wconf 87' lang='lat' dir='ltr'><strong>redderet.</strong></span> <span class='ocrx_word' id='word_1_110' title='bbox 567 1018 724 1064; x_wconf 86' lang='lat' dir='ltr'><strong>Fabius</strong></span> <span class='ocrx_word' id='word_1_111' title='bbox 740 1018 910 1064; x_wconf 92' lang='lat' dir='ltr'><strong>silentio</strong></span> <span class='ocrx_word' id='word_1_112' title='bbox 926 1019 1039 1064; x_wconf 89' lang='lat' dir='ltr'><strong>facto</strong></span> <span class='ocrx_word' id='word_1_113' title='bbox 1060 1019 1197 1063; x_wconf 87' lang='lat' dir='ltr'><strong>media</strong></span> <span class='ocrx_word' id='word_1_114' title='bbox 1212 1019 1401 1064; x_wconf 87' lang='lat' dir='ltr'><strong>oratione</strong></span> <span class='ocrx_word' id='word_1_115' title='bbox 1420 1026 1444 1066; x_wconf 89' lang='lat'>7</span> 
     </span>
     <span class='ocr_line' id='line_1_17' title="bbox 77 1082 1401 1128; baseline 0.001 -1"><span class='ocrx_word' id='word_1_116' title='bbox 77 1083 221 1128; x_wconf 87' lang='lat' dir='ltr'><strong>studia</strong></span> <span class='ocrx_word' id='word_1_117' title='bbox 239 1082 455 1127; x_wconf 85' lang='lat' dir='ltr'><strong>hominum</strong></span> <span class='ocrx_word' id='word_1_118' title='bbox 478 1082 666 1128; x_wconf 84' lang='lat' dir='ltr'><strong>sedavit:</strong></span> <span class='ocrx_word' id='word_1_119' title='bbox 698 1083 907 1128; x_wconf 82' lang='lat' dir='ltr'><strong>facturum</strong></span> <span class='ocrx_word' id='word_1_120' title='bbox 935 1083 1044 1128; x_wconf 87' lang='lat' dir='ltr'><strong>enim</strong></span> <span class='ocrx_word' id='word_1_121' title='bbox 1075 1099 1120 1128; x_wconf 91' lang='lat' dir='ltr'><strong>se</strong></span> <span class='ocrx_word' id='word_1_122' title='bbox 1141 1083 1273 1128; x_wconf 90' lang='lat' dir='ltr'><strong>fuisse</strong></span> <span class='ocrx_word' id='word_1_123' title='bbox 1294 1083 1401 1128; x_wconf 83' lang='lat' dir='ltr'><strong>dixit</strong></span> 
     </span>
     <span class='ocr_line' id='line_1_18' title="bbox 76 1147 1400 1207; baseline 0.001 -15"><span class='ocrx_word' id='word_1_124' title='bbox 76 1152 129 1192; x_wconf 91' lang='lat' dir='ltr'><strong>ut</strong></span> <span class='ocrx_word' id='word_1_125' title='bbox 150 1147 329 1192; x_wconf 90' lang='lat' dir='ltr'><strong>duorum</strong></span> <span class='ocrx_word' id='word_1_126' title='bbox 349 1147 619 1206; x_wconf 86' lang='lat' dir='ltr'><strong>patriciorum</strong></span> <span class='ocrx_word' id='word_1_127' title='bbox 641 1148 812 1192; x_wconf 87' lang='lat' dir='ltr'><strong>nomina</strong></span> <span class='ocrx_word' id='word_1_128' title='bbox 831 1148 1050 1206; x_wconf 86' lang='lat' dir='ltr'><strong>reciperet,</strong></span> <span class='ocrx_word' id='word_1_129' title='bbox 1071 1150 1107 1193; x_wconf 91' lang='lat' dir='ltr'><strong>si</strong></span> <span class='ocrx_word' id='word_1_130' title='bbox 1127 1148 1254 1193; x_wconf 84' lang='lat' dir='ltr'><strong>alium</strong></span> <span class='ocrx_word' id='word_1_131' title='bbox 1277 1164 1400 1207; x_wconf 92' lang='lat' dir='ltr'><strong>quam</strong></span> 
     </span>
     <span class='ocr_line' id='line_1_19' title="bbox 78 1211 1402 1268; baseline -0.002 -11"><span class='ocrx_word' id='word_1_132' title='bbox 78 1228 124 1257; x_wconf 88' lang='lat' dir='ltr'><strong>se</strong></span> <span class='ocrx_word' id='word_1_133' title='bbox 155 1211 370 1257; x_wconf 88' lang='lat' dir='ltr'><strong>consulem</strong></span> <span class='ocrx_word' id='word_1_134' title='bbox 399 1212 490 1256; x_wconf 90' lang='lat' dir='ltr'><strong>fieri</strong></span> <span class='ocrx_word' id='word_1_135' title='bbox 519 1211 696 1268; x_wconf 84' lang='lat' dir='ltr'><strong>videret,</strong></span> <span class='ocrx_word' id='word_1_136' title='bbox 725 1228 839 1258; x_wconf 88' lang='lat' dir='ltr'><strong>nunc</strong></span> <span class='ocrx_word' id='word_1_137' title='bbox 869 1228 914 1257; x_wconf 90' lang='lat' dir='ltr'><strong>se</strong></span> <span class='ocrx_word' id='word_1_138' title='bbox 945 1228 1066 1265; x_wconf 79' lang='lat' dir='ltr'><strong>suam</strong></span> <span class='ocrx_word' id='word_1_139' title='bbox 1095 1211 1303 1256; x_wconf 88' lang='lat' dir='ltr'><strong>rationem</strong></span> <span class='ocrx_word' id='word_1_140' title='bbox 1332 1225 1402 1255; x_wconf 87' lang='lat' dir='ltr'><strong>co-</strong></span> 
     </span>
     <span class='ocr_line' id='line_1_20' title="bbox 74 1275 1400 1335; baseline -0.002 -14"><span class='ocrx_word' id='word_1_141' title='bbox 74 1277 220 1330; x_wconf 89' lang='lat' dir='ltr'><strong>mitiis,</strong></span> <span class='ocrx_word' id='word_1_142' title='bbox 244 1292 370 1335; x_wconf 90' lang='lat' dir='ltr'><strong>quum</strong></span> <span class='ocrx_word' id='word_1_143' title='bbox 394 1281 542 1322; x_wconf 85' lang='lat' dir='ltr'><strong>contra</strong></span> <span class='ocrx_word' id='word_1_144' title='bbox 560 1276 677 1335; x_wconf 86' lang='lat' dir='ltr'><strong>leges</strong></span> <span class='ocrx_word' id='word_1_145' title='bbox 698 1277 892 1321; x_wconf 86' lang='lat' dir='ltr'><strong>futurum</strong></span> <span class='ocrx_word' id='word_1_146' title='bbox 912 1277 982 1332; x_wconf 87' lang='lat' dir='ltr'><strong>sit,</strong></span> <span class='ocrx_word' id='word_1_147' title='bbox 1002 1277 1185 1335; x_wconf 89' lang='lat' dir='ltr'><strong>pessimo</strong></span> <span class='ocrx_word' id='word_1_148' title='bbox 1210 1275 1400 1333; x_wconf 80' lang='lat' dir='ltr'><strong>exemplo</strong></span> 
     </span>
     <span class='ocr_line' id='line_1_21' title="bbox 77 1340 1440 1399; baseline 0.001 -13"><span class='ocrx_word' id='word_1_149' title='bbox 77 1357 163 1386; x_wconf 91' lang='lat' dir='ltr'><strong>non</strong></span> <span class='ocrx_word' id='word_1_150' title='bbox 190 1341 447 1386; x_wconf 80' lang='lat' dir='ltr'><strong>habiturum.</strong></span> <span class='ocrx_word' id='word_1_151' title='bbox 508 1341 580 1385; x_wconf 86' lang='lat' dir='ltr'><strong>Ita</strong></span> <span class='ocrx_word' id='word_1_152' title='bbox 606 1341 658 1385; x_wconf 89' lang='lat' dir='ltr'><strong>L.</strong></span> <span class='ocrx_word' id='word_1_153' title='bbox 681 1341 934 1386; x_wconf 83' lang='lat' dir='ltr'><strong>Volumnius</strong></span> <span class='ocrx_word' id='word_1_154' title='bbox 963 1341 1015 1386; x_wconf 91' lang='lat' dir='ltr'><strong>de</strong></span> <span class='ocrx_word' id='word_1_155' title='bbox 1042 1340 1163 1399; x_wconf 89' lang='lat' dir='ltr'><strong>plebe</strong></span> <span class='ocrx_word' id='word_1_156' title='bbox 1191 1355 1287 1385; x_wconf 90' lang='lat' dir='ltr'><strong>cum</strong></span> <span class='ocrx_word' id='word_1_157' title='bbox 1316 1342 1399 1398; x_wconf 88' lang='lat' dir='ltr'><strong>Ap.</strong></span> <span class='ocrx_word' id='word_1_158' title='bbox 1417 1351 1440 1388; x_wconf 90' lang='lat'>8</span> 
     </span>
     <span class='ocr_line' id='line_1_22' title="bbox 78 1406 1401 1466; baseline -0.002 -14"><span class='ocrx_word' id='word_1_159' title='bbox 78 1407 255 1453; x_wconf 86' lang='lat' dir='ltr'><strong>Claudio</strong></span> <span class='ocrx_word' id='word_1_160' title='bbox 283 1407 433 1452; x_wconf 84' lang='lat' dir='ltr'><strong>consul</strong></span> <span class='ocrx_word' id='word_1_161' title='bbox 459 1410 525 1452; x_wconf 87' lang='lat' dir='ltr'><strong>est</strong></span> <span class='ocrx_word' id='word_1_162' title='bbox 552 1408 705 1461; x_wconf 82' lang='lat' dir='ltr'><strong>factus,</strong></span> <span class='ocrx_word' id='word_1_163' title='bbox 736 1408 874 1466; x_wconf 91' lang='lat' dir='ltr'><strong>priore</strong></span> <span class='ocrx_word' id='word_1_164' title='bbox 904 1409 1007 1453; x_wconf 90' lang='lat' dir='ltr'><strong>item</strong></span> <span class='ocrx_word' id='word_1_165' title='bbox 1038 1407 1261 1453; x_wconf 90' lang='lat' dir='ltr'><strong>consulatu</strong></span> <span class='ocrx_word' id='word_1_166' title='bbox 1288 1406 1401 1451; x_wconf 86' lang='lat' dir='ltr'><strong>inter</strong></span> 
     </span>
     <span class='ocr_line' id='line_1_23' title="bbox 79 1472 1442 1533; baseline 0.001 -14"><span class='ocrx_word' id='word_1_167' title='bbox 79 1490 123 1519; x_wconf 90' lang='lat' dir='ltr'><strong>se</strong></span> <span class='ocrx_word' id='word_1_168' title='bbox 152 1473 394 1532; x_wconf 87' lang='lat' dir='ltr'><strong>comparati.</strong></span> <span class='ocrx_word' id='word_1_169' title='bbox 457 1472 670 1518; x_wconf 80' lang='lat' dir='ltr'><strong>Nobilitas</strong></span> <span class='ocrx_word' id='word_1_170' title='bbox 699 1473 912 1531; x_wconf 89' lang='lat' dir='ltr'><strong>objectare</strong></span> <span class='ocrx_word' id='word_1_171' title='bbox 942 1473 1086 1527; x_wconf 87' lang='lat' dir='ltr'><strong>Fabio,</strong></span> <span class='ocrx_word' id='word_1_172' title='bbox 1115 1473 1276 1533; x_wconf 86' lang='lat' dir='ltr'><strong>fugisse</strong></span> <span class='ocrx_word' id='word_1_173' title='bbox 1304 1488 1400 1517; x_wconf 91' lang='lat' dir='ltr'><strong>eum</strong></span> <span class='ocrx_word' id='word_1_174' title='bbox 1418 1483 1442 1521; x_wconf 87' lang='lat'>9</span> 
     </span>
     <span class='ocr_line' id='line_1_24' title="bbox 74 1536 1399 1597; baseline -0.001 -15"><span class='ocrx_word' id='word_1_175' title='bbox 74 1540 160 1597; x_wconf 90' lang='lat' dir='ltr'><strong>Ap.</strong></span> <span class='ocrx_word' id='word_1_176' title='bbox 184 1537 408 1582; x_wconf 89' lang='lat' dir='ltr'><strong>Claudium</strong></span> <span class='ocrx_word' id='word_1_177' title='bbox 436 1536 639 1596; x_wconf 87' lang='lat' dir='ltr'><strong>collegam</strong></span> <span class='ocrx_word' id='word_1_178' title='bbox 666 1537 907 1596; x_wconf 90' lang='lat' dir='ltr'><strong>eloquentia</strong></span> <span class='ocrx_word' id='word_1_179' title='bbox 935 1538 1210 1596; x_wconf 83' lang='lat' dir='ltr'><strong>civilibusque</strong></span> <span class='ocrx_word' id='word_1_180' title='bbox 1238 1536 1399 1582; x_wconf 88' lang='lat' dir='ltr'><strong>artibus</strong></span> 
     </span>
     <span class='ocr_line' id='line_1_25' title="bbox 75 1602 643 1659; baseline -0.002 -12"><span class='ocrx_word' id='word_1_181' title='bbox 75 1602 191 1647; x_wconf 87' lang='lat' dir='ltr'><strong>haud</strong></span> <span class='ocrx_word' id='word_1_182' title='bbox 212 1602 338 1646; x_wconf 88' lang='lat' dir='ltr'><strong>dubie</strong></span> <span class='ocrx_word' id='word_1_183' title='bbox 359 1607 643 1659; x_wconf 86' lang='lat' dir='ltr'><strong>praestantem.</strong></span> 
     </span>
    </p>

    <p class='ocr_par' dir='ltr' id='par_1_3' title="bbox 74 1665 1513 2114">
     <span class='ocr_line' id='line_1_26' title="bbox 117 1665 1513 1726; baseline 0 -16"><span class='ocrx_word' id='word_1_184' title='bbox 117 1666 311 1711; x_wconf 91' lang='lat' dir='ltr'><strong>Comitiis</strong></span> <span class='ocrx_word' id='word_1_185' title='bbox 329 1666 527 1724; x_wconf 86' lang='lat' dir='ltr'><strong>perfectis</strong></span> <span class='ocrx_word' id='word_1_186' title='bbox 540 1669 704 1711; x_wconf 78' lang='lat' dir='ltr'><strong>veteres</strong></span> <span class='ocrx_word' id='word_1_187' title='bbox 719 1667 912 1712; x_wconf 84' lang='lat' dir='ltr'><strong>consules</strong></span> <span class='ocrx_word' id='word_1_188' title='bbox 929 1667 1038 1726; x_wconf 88' lang='lat' dir='ltr'><strong>jussi</strong></span> <span class='ocrx_word' id='word_1_189' title='bbox 1052 1666 1209 1711; x_wconf 83' lang='lat' dir='ltr'><strong>bellum</strong></span> <span class='ocrx_word' id='word_1_190' title='bbox 1223 1665 1268 1710; x_wconf 95' lang='lat' dir='ltr'><strong>in</strong></span> <span class='ocrx_word' id='word_1_191' title='bbox 1284 1665 1402 1710; x_wconf 86' lang='lat' dir='ltr'><strong>Sam·</strong></span> <span class='ocrx_word' id='word_1_192' title='bbox 1415 1672 1513 1726; x_wconf 80' lang='grc'><strong>(16)</strong></span> 
     </span>
     <span class='ocr_line' id='line_1_27' title="bbox 74 1730 1442 1790; baseline -0.001 -14"><span class='ocrx_word' id='word_1_193' title='bbox 74 1731 149 1776; x_wconf 89' lang='lat' dir='ltr'><strong>nio</strong></span> <span class='ocrx_word' id='word_1_194' title='bbox 169 1745 316 1789; x_wconf 84' lang='lat' dir='ltr'><strong>gerere</strong></span> <span class='ocrx_word' id='word_1_195' title='bbox 333 1734 560 1788; x_wconf 88' lang='lat' dir='ltr'><strong>prorogato</strong></span> <span class='ocrx_word' id='word_1_196' title='bbox 575 1730 620 1775; x_wconf 90' lang='lat' dir='ltr'><strong>in</strong></span> <span class='ocrx_word' id='word_1_197' title='bbox 635 1745 710 1775; x_wconf 82' lang='lat' dir='ltr'><strong>sex</strong></span> <span class='ocrx_word' id='word_1_198' title='bbox 724 1747 889 1776; x_wconf 90' lang='lat' dir='ltr'><strong>menses</strong></span> <span class='ocrx_word' id='word_1_199' title='bbox 905 1731 1091 1788; x_wconf 90' lang='lat' dir='ltr'><strong>imperio.</strong></span> <span class='ocrx_word' id='word_1_200' title='bbox 1121 1731 1274 1790; x_wconf 90' lang='lat' dir='ltr'><strong>Itaque</strong></span> <span class='ocrx_word' id='word_1_201' title='bbox 1294 1731 1402 1775; x_wconf 86' lang='lat' dir='ltr'><strong>iuse-</strong></span> <span class='ocrx_word' id='word_1_202' title='bbox 1417 1744 1442 1780; x_wconf 83' lang='lat'>2</span> 
     </span>
     <span class='ocr_line' id='line_1_28' title="bbox 76 1794 1401 1854; baseline -0.001 -14"><span class='ocrx_word' id='word_1_203' title='bbox 76 1795 227 1854; x_wconf 90' lang='lat' dir='ltr'><strong>quenti</strong></span> <span class='ocrx_word' id='word_1_204' title='bbox 242 1809 409 1853; x_wconf 90' lang='lat' dir='ltr'><strong>quoque</strong></span> <span class='ocrx_word' id='word_1_205' title='bbox 425 1809 533 1838; x_wconf 92' lang='lat' dir='ltr'><strong>anno</strong></span> <span class='ocrx_word' id='word_1_206' title='bbox 554 1794 606 1839; x_wconf 90' lang='lat' dir='ltr'><strong>L.</strong></span> <span class='ocrx_word' id='word_1_207' title='bbox 617 1795 845 1840; x_wconf 90' lang='lat' dir='ltr'><strong>Volumnio</strong></span> <span class='ocrx_word' id='word_1_208' title='bbox 859 1797 941 1853; x_wconf 89' lang='lat' dir='ltr'><strong>Ap.</strong></span> <span class='ocrx_word' id='word_1_209' title='bbox 958 1795 1134 1840; x_wconf 89' lang='lat' dir='ltr'><strong>Claudio</strong></span> <span class='ocrx_word' id='word_1_210' title='bbox 1155 1794 1401 1840; x_wconf 85' lang='lat' dir='ltr'><strong>consulibus</strong></span> 
     </span>
     <span class='ocr_line' id='line_1_29' title="bbox 79 1859 1401 1933; baseline 0 -29"><span class='ocrx_word' id='word_1_211' title='bbox 79 1861 131 1904; x_wconf 92' lang='lat' dir='ltr'><strong>P.</strong></span> <span class='ocrx_word' id='word_1_212' title='bbox 145 1859 409 1933; x_wconf 52' lang='lat' dir='ltr'><strong>Deciusfflui</strong></span> <span class='ocrx_word' id='word_1_213' title='bbox 424 1859 571 1904; x_wconf 88' lang='lat' dir='ltr'><strong>consul</strong></span> <span class='ocrx_word' id='word_1_214' title='bbox 590 1860 633 1903; x_wconf 90' lang='lat' dir='ltr'><strong>in</strong></span> <span class='ocrx_word' id='word_1_215' title='bbox 651 1860 819 1905; x_wconf 87' lang='lat' dir='ltr'><strong>Samnio</strong></span> <span class='ocrx_word' id='word_1_216' title='bbox 839 1861 1012 1906; x_wconf 88' lang='lat' dir='ltr'><strong>relictus</strong></span> <span class='ocrx_word' id='word_1_217' title='bbox 1029 1876 1054 1905; x_wconf 90' lang='lat' dir='ltr'><strong>a</strong></span> <span class='ocrx_word' id='word_1_218' title='bbox 1069 1860 1228 1919; x_wconf 85' lang='lat' dir='ltr'><strong>collega</strong></span> <span class='ocrx_word' id='word_1_219' title='bbox 1248 1860 1401 1915; x_wconf 82' lang='lat' dir='ltr'><strong>fuerat,</strong></span> 
     </span>
     <span class='ocr_line' id='line_1_30' title="bbox 79 1924 1403 1985; baseline -0.001 -14"><span class='ocrx_word' id='word_1_220' title='bbox 79 1925 306 1984; x_wconf 83' lang='lat' dir='ltr'><strong>proconsul</strong></span> <span class='ocrx_word' id='word_1_221' title='bbox 326 1925 435 1970; x_wconf 81' lang='lat' dir='ltr'><strong>idem</strong></span> <span class='ocrx_word' id='word_1_222' title='bbox 465 1924 656 1983; x_wconf 89' lang='lat' dir='ltr'><strong>populari</strong></span> <span class='ocrx_word' id='word_1_223' title='bbox 676 1941 762 1970; x_wconf 93' lang='lat' dir='ltr'><strong>non</strong></span> <span class='ocrx_word' id='word_1_224' title='bbox 782 1926 947 1971; x_wconf 89' lang='lat' dir='ltr'><strong>destitit</strong></span> <span class='ocrx_word' id='word_1_225' title='bbox 969 1941 1106 1985; x_wconf 76' lang='lat' dir='ltr'><strong>agr08‚</strong></span> <span class='ocrx_word' id='word_1_226' title='bbox 1130 1926 1262 1971; x_wconf 92' lang='lat' dir='ltr'><strong>donec</strong></span> <span class='ocrx_word' id='word_1_227' title='bbox 1285 1927 1403 1971; x_wconf 91' lang='lat' dir='ltr'><strong>Sam-</strong></span> 
     </span>
     <span class='ocr_line' id='line_1_31' title="bbox 78 1990 1402 2049; baseline 0.001 -15"><span class='ocrx_word' id='word_1_228' title='bbox 78 1990 231 2034; x_wconf 89' lang='lat' dir='ltr'><strong>nitium</strong></span> <span class='ocrx_word' id='word_1_229' title='bbox 245 1990 477 2035; x_wconf 82' lang='lat' dir='ltr'><strong>exercitum</strong></span> <span class='ocrx_word' id='word_1_230' title='bbox 491 2005 697 2048; x_wconf 86' lang='lat' dir='ltr'><strong>nusquam</strong></span> <span class='ocrx_word' id='word_1_231' title='bbox 713 2006 758 2035; x_wconf 90' lang='lat' dir='ltr'><strong>se</strong></span> <span class='ocrx_word' id='word_1_232' title='bbox 774 1991 920 2048; x_wconf 90' lang='lat' dir='ltr'><strong>proelio</strong></span> <span class='ocrx_word' id='word_1_233' title='bbox 935 1991 1269 2036; x_wconf 86' lang='lat' dir='ltr'><strong>committentem</strong></span> <span class='ocrx_word' id='word_1_234' title='bbox 1285 1995 1402 2049; x_wconf 88' lang='lat' dir='ltr'><strong>post-</strong></span> 
     </span>
     <span class='ocr_line' id='line_1_32' title="bbox 79 2053 1444 2114; baseline 0.001 -15"><span class='ocrx_word' id='word_1_235' title='bbox 79 2069 196 2099; x_wconf 90' lang='lat' dir='ltr'><strong>remo</strong></span> <span class='ocrx_word' id='word_1_236' title='bbox 216 2054 378 2112; x_wconf 83' lang='lat' dir='ltr'><strong>expulit</strong></span> <span class='ocrx_word' id='word_1_237' title='bbox 398 2053 564 2098; x_wconf 85' lang='lat' dir='ltr'><strong>finibus.</strong></span> <span class='ocrx_word' id='word_1_238' title='bbox 607 2054 821 2099; x_wconf 80' lang='lat' dir='ltr'><strong>Etruriam</strong></span> <span class='ocrx_word' id='word_1_239' title='bbox 842 2055 954 2113; x_wconf 89' lang='lat' dir='ltr'><strong>pulsi</strong></span> <span class='ocrx_word' id='word_1_240' title='bbox 974 2055 1190 2113; x_wconf 89' lang='lat' dir='ltr'><strong>petierunt</strong></span> <span class='ocrx_word' id='word_1_241' title='bbox 1210 2059 1268 2108; x_wconf 88' lang='lat' dir='ltr'><strong>et,</strong></span> <span class='ocrx_word' id='word_1_242' title='bbox 1290 2055 1403 2114; x_wconf 88' lang='lat' dir='ltr'><strong>quod</strong></span> <span class='ocrx_word' id='word_1_243' title='bbox 1420 2067 1444 2104; x_wconf 89' lang='lat'><strong>3</strong></span> 
     </span>
    </p>
   </div>
   <div class='ocr_carea' id='block_1_3' title="bbox 0 2118 1403 2178">
    <p class='ocr_par' dir='ltr' id='par_1_4' title="bbox 0 2118 1403 2178">
     <span class='ocr_line' id='line_1_33' title="bbox 0 2118 1403 2178; baseline 0.001 -16"><span class='ocrx_word' id='word_1_244' title='bbox 0 2165 1 2168; x_wconf 54' lang='grc'>,</span> <span class='ocrx_word' id='word_1_245' title='bbox 78 2118 362 2176; x_wconf 88' lang='lat' dir='ltr'><strong>legationibus</strong></span> <span class='ocrx_word' id='word_1_246' title='bbox 382 2119 636 2177; x_wconf 89' lang='lat' dir='ltr'><strong>nequiquam</strong></span> <span class='ocrx_word' id='word_1_247' title='bbox 663 2135 774 2178; x_wconf 84' lang='lat' dir='ltr'><strong>saepe</strong></span> <span class='ocrx_word' id='word_1_248' title='bbox 800 2123 1124 2178; x_wconf 81' lang='lat' dir='ltr'><strong>temptaverant,</strong></span> <span class='ocrx_word' id='word_1_249' title='bbox 1145 2119 1187 2164; x_wconf 92' lang='lat' dir='ltr'><strong>id</strong></span> <span class='ocrx_word' id='word_1_250' title='bbox 1216 2135 1262 2165; x_wconf 91' lang='lat' dir='ltr'><strong>se</strong></span> <span class='ocrx_word' id='word_1_251' title='bbox 1280 2124 1403 2165; x_wconf 90' lang='lat' dir='ltr'><strong>tanto</strong></span> 
     </span>
    </p>
   </div>
   <div class='ocr_carea' id='block_1_4' title="bbox 82 2183 1404 2308">
    <p class='ocr_par' dir='ltr' id='par_1_5' title="bbox 82 2183 1404 2308">
     <span class='ocr_line' id='line_1_34' title="bbox 82 2183 1404 2242; baseline 0.002 -16"><span class='ocrx_word' id='word_1_252' title='bbox 82 2183 247 2241; x_wconf 86' lang='lat' dir='ltr'><strong>agmine</strong></span> <span class='ocrx_word' id='word_1_253' title='bbox 276 2188 532 2227; x_wconf 87' lang='lat' dir='ltr'><strong>armatorum</strong></span> <span class='ocrx_word' id='word_1_254' title='bbox 560 2183 704 2229; x_wconf 78' lang='lat' dir='ltr'><strong>mixtis</strong></span> <span class='ocrx_word' id='word_1_255' title='bbox 724 2189 886 2229; x_wconf 89' lang='lat' dir='ltr'><strong>terrore</strong></span> <span class='ocrx_word' id='word_1_256' title='bbox 913 2184 1107 2242; x_wconf 85' lang='lat' dir='ltr'><strong>precibus</strong></span> <span class='ocrx_word' id='word_1_257' title='bbox 1128 2188 1297 2230; x_wconf 87' lang='lat' dir='ltr'><strong>acturos</strong></span> <span class='ocrx_word' id='word_1_258' title='bbox 1318 2185 1404 2230; x_wconf 87' lang='lat' dir='ltr'><strong>effi·</strong></span> 
     </span>
     <span class='ocr_line' id='line_1_35' title="bbox 84 2247 1403 2308; baseline 0.003 -16"><span class='ocrx_word' id='word_1_259' title='bbox 84 2247 223 2293; x_wconf 83' lang='lat' dir='ltr'><strong>cacius</strong></span> <span class='ocrx_word' id='word_1_260' title='bbox 242 2247 327 2293; x_wconf 89' lang='lat' dir='ltr'><strong>rati</strong></span> <span class='ocrx_word' id='word_1_261' title='bbox 352 2247 675 2306; x_wconf 82' lang='lat' dir='ltr'><strong>postulaverunt</strong></span> <span class='ocrx_word' id='word_1_262' title='bbox 701 2249 938 2308; x_wconf 86' lang='lat' dir='ltr'><strong>principum</strong></span> <span class='ocrx_word' id='word_1_263' title='bbox 962 2250 1147 2296; x_wconf 80' lang='lat' dir='ltr'><strong>Etmriae</strong></span> <span class='ocrx_word' id='word_1_264' title='bbox 1167 2249 1403 2296; x_wconf 82' lang='lat' dir='ltr'><strong>concilium.</strong></span> 
     </span>
    </p>
   </div>
  </div>
 </body>
</html>
