1649 2452
189 119 261 157 648
497 115 541 153 T.
571 114 719 153 L1V11
753 114 1168 154 HISTORIARUM

187 211 249 255 M.
272 212 498 257 Horatium
540 214 586 258 L.
609 214 827 258 Valerium
861 213 1066 266 consules,
1104 213 1256 257 Gaium
1289 169 1500 258 ffiarcciffrbii

187 277 381 321 Rutilum
402 294 548 335 nuper,
572 285 734 336 patrem
755 281 846 336 ejus
869 279 941 337 qui
968 283 1071 323 tunc
1096 293 1244 322 censor
1270 283 1395 332 esset,
1414 293 1501 323 non

186 356 238 384 cx
273 343 524 387 auctoritate
561 347 733 387 senatus
773 343 848 387 sed
877 343 1000 400 jussu
1035 342 1178 399 populi
1216 342 1500 400 triumphasse

187 404 356 460 diceret,
373 406 594 463 adjiciebat
615 422 660 451 se
681 422 847 464 quoque
862 407 1044 450 laturum
1067 406 1197 450 fuisse
1218 405 1270 449 ad
1285 405 1498 463 populum,

189 469 230 512 ni
250 469 376 514 sciret
396 471 605 527 mancipia
623 470 824 515 nobilium
848 470 1041 515 tribunos
1062 470 1195 527 plebis
1216 469 1350 527 legem
1370 471 1501 528 impe-

187 532 376 578 dituros:
407 534 668 579 voluntatem
703 534 783 579 sibi
811 549 859 579 ac
882 534 1069 578 favorem
1097 534 1396 578 consentientis
1427 549 1502 591 po-

188 597 274 654 puli
295 613 370 655 pro
392 598 585 643 omnibus
603 598 733 655 jussis
758 614 850 643 esse
880 613 928 643 ac
956 598 1102 642 futura
1121 613 1131 642 t
1162 602 1414 655 posteroque
1434 597 1502 642 dio

187 662 344 706 auxilio
384 662 649 707 tribunorum
685 663 818 720 plebis
858 663 988 706 trium
1029 662 1229 707 adversus
1267 663 1502 707 intercessi-

186 741 309 769 onem
342 730 504 784 septem
536 726 799 771 tribunorum
837 732 880 771 et
916 742 1167 771 consensum
1195 731 1366 771 senatus
1396 726 1503 771 cele-

148 797 168 836 7
188 789 335 834 brante
356 790 512 848 populo
534 790 643 835 diem
663 791 1073 848 triumphavit.—-Et
1094 790 1220 848 hujus
1241 791 1338 834 anni
1354 806 1502 848 parum

188 858 384 898 constans
406 855 606 899 memoria
625 864 691 900 est
709 875 718 899 :
752 854 1018 899 Postumium
1045 862 1193 899 auctor
1213 859 1279 899 est
1301 854 1501 899 Claudius

187 917 231 961 iu
265 918 434 962 Samnio
470 919 604 977 captis
645 919 804 978 aliquot
837 918 1012 963 urbibus
1046 919 1091 962 in
1125 918 1320 976 Apuliam
1360 919 1500 963 fusum

187 982 477 1040 fugatumque,
501 984 686 1027 saucium
709 984 844 1040 ipsum
867 997 963 1028 cum
984 983 1127 1040 paucis
1148 983 1372 1027 Luceriam
1391 997 1503 1028 com-

188 1046 369 1103 pulsum,
405 1046 456 1091 ab
486 1047 618 1091 Atilio
650 1047 694 1091 in
727 1047 901 1091 Etruria
935 1062 1002 1091 res
1035 1051 1177 1105 gestas
1214 1062 1393 1105 eumque
1426 1046 1503 1091 tri-

189 1111 440 1168 umphasse:
471 1111 626 1155 Fabius
658 1111 778 1156 ambo
806 1111 997 1156 consules
1025 1111 1070 1155 in
1092 1111 1258 1155 Samnio
1280 1115 1323 1156 et
1344 1110 1396 1155 ad
1415 1111 1504 1155 Lu-

189 1175 341 1219 ceriam
372 1190 439 1219 res
471 1176 651 1233 gessisse
682 1176 827 1220 scribit
857 1175 1182 1234 traductumque
1211 1176 1256 1219 in
1285 1175 1503 1219 Etruriam

189 1239 554 1284 exereitum—sed
589 1239 640 1284 ab
675 1246 772 1284 utro
813 1239 995 1292 consule,
1030 1254 1115 1283 11011
1154 1238 1410 1297 adjecit-et
1451 1238 1505 1283 ad

187 1304 410 1349 Luceriam
438 1305 650 1363 utrimque
680 1305 836 1349 multos
864 1305 1023 1349 occisos
1052 1305 1177 1363 inque
1202 1320 1251 1349 ea
1270 1320 1413 1364 pugna
1432 1305 1504 1348 Jo-

187 1369 250 1413 vis
274 1369 453 1414 Statoris
475 1369 605 1414 aedem
627 1374 767 1414 votam
788 1373 837 1413 ut
856 1369 1061 1413 Romulus
1083 1373 1180 1414 ante
1201 1375 1397 1414 voverat:
1430 1369 1505 1414 sed

187 1434 330 1477 fanum
358 1434 627 1478 tantum—id
660 1439 724 1478 est
759 1434 874 1478 locus
909 1433 1066 1492 templo
1102 1435 1504 1478 sacratus—effatus

189 1499 326 1542 fuerat
345 1518 352 1542 :
387 1503 583 1542 caeterum
606 1499 685 1542 1100
707 1498 874 1542 (1011111111
903 1512 1023 1551 anno,
1046 1501 1096 1542 ut
1117 1498 1246 1543 aedem
1267 1499 1391 1543 etiam
1414 1498 1505 1542 sieri

189 1567 359 1606 senatus
385 1562 569 1619 juberet,
598 1563 661 1607 bis
690 1562 877 1620 ejusdem
902 1562 989 1607 voti
1020 1561 1215 1607 damnata
1241 1578 1308 1608 res
1339 1562 1506 1620 publica

190 1628 232 1672 111
254 1628 495 1687 religionem
516 1629 643 1673 vonit.

71 1699 174 1749 (38)
251 1693 450 1750 Sequitur
477 1693 588 1738 hunc
614 1709 767 1738 annum
798 1697 841 1738 et
870 1693 1015 1738 consul
1039 1693 1215 1752 insignis
1235 1693 1286 1738 L.
1310 1693 1504 1751 Papirius

192 1757 350 1801 Cursor
383 1773 465 1814 qua
499 1762 673 1815 paterna
702 1758 835 1816 gloria
865 1773 947 1816 qua
978 1773 1065 1812 sua,
1098 1763 1142 1803 et
1172 1758 1326 1802 bellum
1355 1758 1505 1815 ingens

193 1822 460 1879 victoriaque,
485 1827 684 1880 quantam
705 1822 756 1867 de
778 1821 1035 1867 Samnitibus
1063 1837 1185 1866 nemo
1210 1822 1263 1866 ad
1283 1837 1373 1867 eam
1394 1822 1506 1867 diem

150 1897 171 1930 2
190 1890 342 1942 pra-ter
382 1886 434 1930 L.
462 1886 677 1943 Papirium
718 1891 878 1944 patrem
922 1886 1104 1931 consulis
1144 1890 1376 1945 pepererat.
1447 1886 1505 1930 Et

189 1949 300 1994 sorte
331 1949 473 1994 eodem
501 1955 655 1995 conatu
679 1956 964 2009 apparatuque
994 1951 1107 1995 omni
1134 1951 1347 2008 opulentia
1376 1950 1506 2007 insig-

190 2014 303 2057 nium
337 2029 542 2058 armorum
575 2014 726 2059 bollum
757 2015 1072 2068 adornaverant,
1103 2019 1146 2060 et
1177 2015 1349 2060 deorum
1378 2015 1505 2059 etiam

189 2077 470 2123 adhibuerunt
493 2094 592 2136 opes
614 2080 699 2123 ritu
722 2079 902 2135 quodam
928 2079 1178 2125 sacramenti
1198 2083 1368 2124 vetusto
1389 2078 1505 2123 velut

189 2145 365 2189 initiatis
402 2145 617 2198 militibus,
653 2145 810 2190 dilectu
846 2161 919 2203 pcr
951 2161 1072 2190 omne
1109 2146 1323 2190 Samnium
1361 2143 1505 2189 habito

189 2224 296 2252 nova
317 2209 409 2267 lege
427 2228 435 2253 :
468 2214 517 2253 ut
539 2210 610 2268 qui
625 2210 842 2266 juniorum
862 2225 947 2254 non
967 2210 1231 2254 convenisset
1252 2208 1305 2254 ad
1325 2209 1502 2265 impera-

190 2278 327 2318 torum
354 2273 536 2318 edictum
565 2274 721 2321 uuioue
750 2275 915 2332 injussu
941 2273 1113 2329 abisset,
1147 2277 1276 2329 caput
1307 2273 1405 2319 Jovi
1439 2288 1506 2319 sa·
