1649 2452
512 75 622 115 LIB.
658 74 729 115 IX.
765 77 930 115 11—13.
1293 79 1373 116 549

52 127 96 159 A.
113 128 148 159 c.
166 129 257 169 318·]

51 171 358 215 sustinuerunt.
409 169 543 214 Fraus
565 170 714 215 deinde
735 185 823 214 rem
844 170 1071 223 inclinavit,
1095 169 1208 227 quod
1228 183 1370 214 vocem
1383 178 1410 216 4

50 233 186 278 audiri
225 234 427 292 praeconis
463 234 578 292 passi
613 239 727 288 sunt,
764 234 1015 279 incolumem
1051 233 1264 278 abiturum
1300 235 1374 292 qui

50 312 166 342 arma
198 299 433 356 posuisset:
481 313 531 343 ea
565 313 661 356 spes
696 299 858 343 remisit
893 314 918 342 a
952 298 1178 343 certamine
1213 298 1373 343 animos

50 366 94 407 et
120 362 275 421 passim
302 360 418 407 arma
437 363 594 420 jactari
621 366 782 420 coepta:
816 362 1068 419 pertinacior
1087 378 1184 420 pars
1213 367 1374 406 armata

50 441 125 484 per
154 442 338 472 aversam
371 430 537 484 portam
567 428 707 485 erupit
736 428 954 485 tutiorque
993 427 1053 472 eis
1084 425 1257 471 audacia
1291 426 1374 471 fuit

51 506 176 548 quam
202 491 397 536 incautus
425 490 478 535 ad
505 491 760 536 credendum
790 492 952 536 caeteris
983 505 1125 549 pavor,
1159 505 1264 549 quos
1294 491 1373 535 cir-

50 556 267 601 cumdatos
307 557 397 614 igni
433 557 689 615 nequiquam
736 556 835 601 deos
875 556 1082 614 fidemque
1128 556 1372 601 invocantes

51 621 259 666 Samnites
281 626 665 666 concremaverunt.

109 685 314 730 Consules
361 686 473 730 inter
514 701 559 730 se
599 685 748 743 partiti
788 685 1049 742 provincias:
1091 684 1287 743 Papirius
1327 685 1406 730 in5

49 749 248 807 Apuliam
277 749 330 794 ad
358 750 582 794 Luceriam
610 751 762 808 pergit,
790 749 864 794 ubi
892 750 1055 808 equites
1087 749 1268 793 Romani
1298 748 1371 794 ob·

50 813 160 859 sides
181 813 234 858 ad
255 813 462 859 Caudium
483 813 571 858 dati
591 814 951 868 custodiebantur,
967 813 1174 858 Publilius
1190 813 1235 857 in
1256 813 1370 857 Sam-

49 878 120 923 nio
141 878 332 923 substitit
353 877 553 923 adversus
576 878 786 923 Caudinas
813 878 1013 937 legiones.
1074 877 1293 922 Distendit
1321 882 1406 922 ea6

49 957 117 987 res
149 943 400 986 Samnitium
431 943 605 993 animos,
638 944 750 1000 quod
780 958 857 987 nec
888 942 940 986 ad
970 942 1196 987 Luceriam
1224 941 1286 987 ire
1315 957 1370 987 ne

50 1006 102 1051 ab
137 1010 259 1065 tergo
295 1007 472 1051 instaret
507 1007 656 1061 hostis,
690 1022 769 1052 nec
803 1023 971 1052 manere
1004 1022 1057 1052 ne
1091 1006 1274 1051 Luceria
1306 1006 1370 1051 in-

49 1071 174 1115 terim
203 1071 469 1116 amitteretur
499 1072 602 1116 satis
634 1071 870 1116 audebant:
902 1072 1108 1129 optimum
1136 1071 1273 1115 visum
1304 1074 1370 1115 est

50 1135 312 1180 committere
351 1151 440 1180 rem
479 1135 661 1180 fortunae
698 1139 742 1180 et
782 1136 1016 1194 transigere
1051 1151 1147 1180 cum
1187 1134 1368 1180 Publilio

50 1202 285 1244 certamen:
318 1200 460 1258 itaque
489 1200 534 1244 in
561 1200 692 1245 aciem
720 1201 859 1258 copias
892 1200 1090 1245 educunt.
1152 1199 1368 1245 Adversus
1381 1199 1479 1252 (13)

51 1279 155 1322 quos
189 1263 396 1309 Publilius
432 1264 579 1309 consul
615 1281 743 1323 quum
786 1264 1058 1309 dimicaturus
1091 1268 1216 1317 esset,
1251 1264 1368 1322 prius

50 1329 333 1387 adloquendos
367 1329 522 1374 milites
563 1338 680 1374 ratus
722 1330 964 1374 concionem
1000 1329 1195 1374 advocari
1224 1328 1367 1386 jussit.

51 1393 262 1439 Caeterum
283 1394 393 1438 sicut
418 1394 582 1452 ingenti
602 1394 816 1439 alacritate
847 1394 900 1438 ad
925 1394 1168 1452 praetorium
1198 1398 1406 1438 concur-2

50 1474 144 1502 sum
179 1462 257 1512 est,
294 1459 355 1503 ita
387 1474 474 1516 prae
513 1458 690 1504 elamore
730 1459 992 1517 poscentium
1032 1473 1217 1516 pugnam
1255 1458 1371 1502 nulla

51 1522 289 1567 adhortatio
309 1523 571 1580 imperatoris
599 1522 744 1568 audita
773 1527 863 1568 est:
896 1539 998 1568 suus
1025 1523 1175 1581 cuique
1207 1522 1370 1566 animus

51 1603 214 1646 memor
236 1587 474 1645 ignominiae
506 1587 752 1632 adhortator
780 1587 949 1633 ade-rat:
981 1587 1142 1632 vadunt
1169 1587 1301 1645 igitur
1326 1586 1373 1630 in

49 1651 244 1708 proelium
280 1661 482 1710 urgentes
519 1652 741 1711 signiferos
773 1656 829 1705 et,
860 1667 914 1696 ne
944 1666 1061 1696 mora
1089 1651 1131 1695 in
1166 1666 1373 1695 concursu

50 1716 145 1772 pilis
176 1715 418 1760 emittendis
456 1715 796 1774 stringendisque
825 1716 922 1760 inde
951 1715 1101 1774 gladiis
1131 1719 1256 1768 esset,
1288 1714 1373 1772 pila

0 1824 2 1827 ,
50 1780 167 1825 velut
189 1781 289 1825 dato
311 1781 364 1825 ad
383 1780 428 1825 id
449 1781 570 1839 signo
592 1781 796 1836 abjiciunt
817 1781 1060 1839 strictisque
1080 1779 1229 1838 gladiis
1243 1794 1371 1824 cursu

50 1844 94 1888 111
114 1845 279 1890 hostem
299 1845 507 1890 feruntur.
569 1845 690 1889 Nihil
710 1845 794 1890 illic
822 1845 1100 1903 imperatoriae
1128 1845 1231 1888 artis
1260 1843 1406 1890 ordi-3

50 1908 174 1954 nibus
209 1913 284 1954 aut
325 1909 522 1955 subsidiis
558 1909 744 1954 locandis
779 1909 874 1964 fuit,
905 1909 1045 1954 omnia
1076 1910 1139 1953 ira
1177 1908 1370 1953 militaris

51 1988 181 2032 prope
199 1989 354 2018 vesano
374 1974 536 2032 impetu
558 1974 646 2032 egit
665 1990 674 2018 :
705 1974 850 2032 itaque
871 1989 956 2018 non
976 1973 1061 2018 fusi
1081 1972 1205 2017 modo
1227 1973 1371 2017 hostes

51 2041 152 2082 sunt
182 2037 255 2082 sed
289 2054 343 2083 ne
374 2039 524 2083 castris
556 2038 723 2095 quidem
755 2037 842 2082 suis
873 2037 1019 2096 fugam
1047 2035 1250 2095 impedire
1280 2037 1373 2081 ausi

51 2101 248 2160 Apuliam
269 2101 462 2160 dissipati
481 2102 665 2161 petiere:
698 2101 921 2146 Luceriam
942 2106 1085 2146 tamen
1104 2105 1250 2146 coacto
1278 2117 1371 2145 rur-

52 2181 126 2210 sus
164 2166 210 2211 in
248 2182 381 2211 unum
420 2167 586 2226 agmine
626 2170 692 2211 est
732 2169 994 2224 perventum.
1054 2166 1269 2210 Romanos
1309 2166 1409 2210 ira4

53 2229 211 2288 eadem,
238 2246 334 2290 quae
361 2245 437 2290 per
465 2230 646 2277 mediam
675 2231 808 2276 aciem
837 2230 1024 2276 hostium
1052 2229 1222 2286 tulerat,
1255 2232 1299 2276 et
1329 2230 1374 2275 in
