<?xml version="1.0" encoding="UTF-8"?>
<!DOCTYPE html PUBLIC "-//W3C//DTD XHTML 1.0 Transitional//EN"
    "http://www.w3.org/TR/xhtml1/DTD/xhtml1-transitional.dtd">
<html xmlns="http://www.w3.org/1999/xhtml" xml:lang="en" lang="en">
 <head>
  <title>
</title>
<meta http-equiv="Content-Type" content="text/html;charset=utf-8" />
  <meta name='ocr-system' content='tesseract 3.04.00' />
  <meta name='ocr-capabilities' content='ocr_page ocr_carea ocr_par ocr_line ocrx_word'/>
</head>
<body>
  <div class='ocr_page' id='page_1' title='image "./historiarum00livyuoft_0213.png"; bbox 0 0 1649 2452; ppageno 0'>
   <div class='ocr_carea' id='block_1_1' title="bbox 107 128 1430 222">
    <p class='ocr_par' dir='ltr' id='par_1_1' title="bbox 107 128 1430 222">
     <span class='ocr_line' id='line_1_1' title="bbox 568 128 1430 168; baseline -0.001 -1"><span class='ocrx_word' id='word_1_1' title='bbox 568 129 681 168; x_wconf 89' lang='lat' dir='ltr'><strong>LIB.</strong></span> <span class='ocrx_word' id='word_1_2' title='bbox 711 128 787 167; x_wconf 86' lang='lat' dir='ltr'><strong>IX.</strong></span> <span class='ocrx_word' id='word_1_3' title='bbox 819 130 988 167; x_wconf 83' lang='lat'><strong>21——23.</strong></span> <span class='ocrx_word' id='word_1_4' title='bbox 1354 128 1430 166; x_wconf 82' lang='lat'><strong>563</strong></span> 
     </span>
     <span class='ocr_line' id='line_1_2' title="bbox 107 180 316 222; baseline 0 -7"><span class='ocrx_word' id='word_1_5' title='bbox 107 184 152 216; x_wconf 95' lang='lat' dir='ltr'><strong>A.</strong></span> <span class='ocrx_word' id='word_1_6' title='bbox 166 180 208 214; x_wconf 82' lang='grc'><strong>0-</strong></span> <span class='ocrx_word' id='word_1_7' title='bbox 222 181 316 222; x_wconf 64' lang='lat'><strong>018]</strong></span> 
     </span>
    </p>
   </div>
   <div class='ocr_carea' id='block_1_2' title="bbox 105 218 1564 2307">
    <p class='ocr_par' dir='ltr' id='par_1_2' title="bbox 105 218 1476 1380">
     <span class='ocr_line' id='line_1_3' title="bbox 106 218 1468 282; baseline -0.002 -14"><span class='ocrx_word' id='word_1_8' title='bbox 106 239 218 269; x_wconf 89' lang='lat' dir='ltr'><strong>mem</strong></span> <span class='ocrx_word' id='word_1_9' title='bbox 247 237 358 282; x_wconf 91' lang='lat' dir='ltr'><strong>equo</strong></span> <span class='ocrx_word' id='word_1_10' title='bbox 387 218 682 281; x_wconf 83' lang='lat' dir='ltr'><strong>praecipitaret.</strong></span> <span class='ocrx_word' id='word_1_11' title='bbox 745 222 852 275; x_wconf 87' lang='lat' dir='ltr'><strong>Nee,</strong></span> <span class='ocrx_word' id='word_1_12' title='bbox 885 225 935 266; x_wconf 89' lang='lat' dir='ltr'><strong>nt</strong></span> <span class='ocrx_word' id='word_1_13' title='bbox 965 221 1026 276; x_wconf 79' lang='lat' dir='ltr'><strong>fit,</strong></span> <span class='ocrx_word' id='word_1_14' title='bbox 1055 220 1108 265; x_wconf 90' lang='lat' dir='ltr'><strong>ad</strong></span> <span class='ocrx_word' id='word_1_15' title='bbox 1139 219 1258 265; x_wconf 88' lang='lat' dir='ltr'><strong>ducis</strong></span> <span class='ocrx_word' id='word_1_16' title='bbox 1287 229 1468 266; x_wconf 86' lang='lat' dir='ltr'><strong>casum6</strong></span> 
     </span>
     <span class='ocr_line' id='line_1_4' title="bbox 105 257 1434 347; baseline -0.002 -15"><span class='ocrx_word' id='word_1_17' title='bbox 105 288 299 347; x_wconf 86' lang='lat' dir='ltr'><strong>perculsa</strong></span> <span class='ocrx_word' id='word_1_18' title='bbox 317 287 452 346; x_wconf 84' lang='lat' dir='ltr'><strong>magis</strong></span> <span class='ocrx_word' id='word_1_19' title='bbox 474 302 599 345; x_wconf 88' lang='lat' dir='ltr'><strong>quam</strong></span> <span class='ocrx_word' id='word_1_20' title='bbox 620 287 786 331; x_wconf 84' lang='lat' dir='ltr'><strong>irritata</strong></span> <span class='ocrx_word' id='word_1_21' title='bbox 806 291 872 332; x_wconf 90' lang='lat' dir='ltr'><strong>est</strong></span> <span class='ocrx_word' id='word_1_22' title='bbox 900 257 1154 330; x_wconf 86' lang='lat' dir='ltr'><strong>multitudo:</strong></span> <span class='ocrx_word' id='word_1_23' title='bbox 1187 301 1332 330; x_wconf 91' lang='lat' dir='ltr'><strong>omnes</strong></span> <span class='ocrx_word' id='word_1_24' title='bbox 1361 285 1434 344; x_wconf 90' lang='lat' dir='ltr'><strong>qui</strong></span> 
     </span>
     <span class='ocr_line' id='line_1_5' title="bbox 106 350 1434 408; baseline -0.003 -10"><span class='ocrx_word' id='word_1_25' title='bbox 106 353 218 398; x_wconf 89' lang='lat' dir='ltr'><strong>circa</strong></span> <span class='ocrx_word' id='word_1_26' title='bbox 250 355 386 397; x_wconf 86' lang='lat' dir='ltr'><strong>erant</strong></span> <span class='ocrx_word' id='word_1_27' title='bbox 407 352 452 396; x_wconf 92' lang='lat' dir='ltr'><strong>in</strong></span> <span class='ocrx_word' id='word_1_28' title='bbox 484 351 657 395; x_wconf 84' lang='lat' dir='ltr'><strong>Aulium</strong></span> <span class='ocrx_word' id='word_1_29' title='bbox 693 356 851 396; x_wconf 88' lang='lat' dir='ltr'><strong>temere</strong></span> <span class='ocrx_word' id='word_1_30' title='bbox 887 352 1099 396; x_wconf 85' lang='lat' dir='ltr'><strong>invectum</strong></span> <span class='ocrx_word' id='word_1_31' title='bbox 1135 365 1210 408; x_wconf 90' lang='lat' dir='ltr'><strong>per</strong></span> <span class='ocrx_word' id='word_1_32' title='bbox 1245 350 1434 394; x_wconf 88' lang='lat' dir='ltr'><strong>hostium</strong></span> 
     </span>
     <span class='ocr_line' id='line_1_6' title="bbox 105 414 1435 474; baseline -0.002 -12"><span class='ocrx_word' id='word_1_33' title='bbox 105 422 267 462; x_wconf 80' lang='lat' dir='ltr'><strong>tunnas</strong></span> <span class='ocrx_word' id='word_1_34' title='bbox 302 416 389 461; x_wconf 87' lang='lat' dir='ltr'><strong>tela</strong></span> <span class='ocrx_word' id='word_1_35' title='bbox 422 417 705 474; x_wconf 83' lang='lat' dir='ltr'><strong>conjecerunt,</strong></span> <span class='ocrx_word' id='word_1_36' title='bbox 739 417 861 461; x_wconf 80' lang='lat' dir='ltr'><strong>fratri</strong></span> <span class='ocrx_word' id='word_1_37' title='bbox 896 417 1153 474; x_wconf 59' lang='lat' dir='ltr'><strong>praecipuum</strong></span> <span class='ocrx_word' id='word_1_38' title='bbox 1189 415 1317 460; x_wconf 90' lang='lat' dir='ltr'><strong>decus</strong></span> <span class='ocrx_word' id='word_1_39' title='bbox 1353 414 1435 459; x_wconf 83' lang='lat' dir='ltr'><strong>ulti</strong></span> 
     </span>
     <span class='ocr_line' id='line_1_7' title="bbox 108 479 1434 540; baseline -0.002 -13"><span class='ocrx_word' id='word_1_40' title='bbox 108 483 360 527; x_wconf 76' lang='lat' dir='ltr'>Samnitium</span> <span class='ocrx_word' id='word_1_41' title='bbox 380 481 644 540; x_wconf 81' lang='lat' dir='ltr'><strong>imperatoris</strong></span> <span class='ocrx_word' id='word_1_42' title='bbox 662 481 889 526; x_wconf 89' lang='lat' dir='ltr'><strong>dederunt:</strong></span> <span class='ocrx_word' id='word_1_43' title='bbox 919 482 955 526; x_wconf 91' lang='lat' dir='ltr'><strong>is</strong></span> <span class='ocrx_word' id='word_1_44' title='bbox 972 481 1175 526; x_wconf 89' lang='lat' dir='ltr'><strong>victorem</strong></span> <span class='ocrx_word' id='word_1_45' title='bbox 1196 479 1434 525; x_wconf 87' lang='lat' dir='ltr'><strong>detractum</strong></span> 
     </span>
     <span class='ocr_line' id='line_1_8' title="bbox 106 544 1438 606; baseline -0.002 -14"><span class='ocrx_word' id='word_1_46' title='bbox 106 563 159 592; x_wconf 89' lang='lat' dir='ltr'><strong>ex</strong></span> <span class='ocrx_word' id='word_1_47' title='bbox 179 561 288 606; x_wconf 90' lang='lat' dir='ltr'><strong>equo</strong></span> <span class='ocrx_word' id='word_1_48' title='bbox 315 546 565 604; x_wconf 81' lang='lat' dir='ltr'><strong>magistrum</strong></span> <span class='ocrx_word' id='word_1_49' title='bbox 592 546 782 605; x_wconf 86' lang='lat' dir='ltr'><strong>equitum</strong></span> <span class='ocrx_word' id='word_1_50' title='bbox 815 545 964 604; x_wconf 89' lang='lat' dir='ltr'><strong>plenus</strong></span> <span class='ocrx_word' id='word_1_51' title='bbox 991 545 1178 591; x_wconf 87' lang='lat' dir='ltr'><strong>maeroris</strong></span> <span class='ocrx_word' id='word_1_52' title='bbox 1208 548 1335 604; x_wconf 88' lang='lat' dir='ltr'><strong>atque</strong></span> <span class='ocrx_word' id='word_1_53' title='bbox 1363 544 1438 590; x_wconf 84' lang='lat' dir='ltr'><strong>irae</strong></span> 
     </span>
     <span class='ocr_line' id='line_1_9' title="bbox 106 610 1438 668; baseline -0.002 -12"><span class='ocrx_word' id='word_1_54' title='bbox 106 611 348 664; x_wconf 82' lang='lat' dir='ltr'><strong>trucidavit,</strong></span> <span class='ocrx_word' id='word_1_55' title='bbox 377 625 456 655; x_wconf 87' lang='lat' dir='ltr'><strong>nec</strong></span> <span class='ocrx_word' id='word_1_56' title='bbox 485 610 667 654; x_wconf 92' lang='lat' dir='ltr'><strong>multum</strong></span> <span class='ocrx_word' id='word_1_57' title='bbox 695 610 803 654; x_wconf 87' lang='lat' dir='ltr'><strong>afuit</strong></span> <span class='ocrx_word' id='word_1_58' title='bbox 832 610 933 668; x_wconf 89' lang='lat' dir='ltr'><strong>quin</strong></span> <span class='ocrx_word' id='word_1_59' title='bbox 963 625 1138 668; x_wconf 87' lang='lat' dir='ltr'><strong>corpore</strong></span> <span class='ocrx_word' id='word_1_60' title='bbox 1168 610 1309 662; x_wconf 88' lang='lat' dir='ltr'><strong>etiam,</strong></span> <span class='ocrx_word' id='word_1_61' title='bbox 1340 612 1438 668; x_wconf 79' lang='lat' dir='ltr'><strong>quia</strong></span> 
     </span>
     <span class='ocr_line' id='line_1_10' title="bbox 106 674 1436 732; baseline 0 -12"><span class='ocrx_word' id='word_1_62' title='bbox 106 676 220 721; x_wconf 89' lang='lat' dir='ltr'><strong>inter</strong></span> <span class='ocrx_word' id='word_1_63' title='bbox 258 675 432 720; x_wconf 84' lang='lat' dir='ltr'><strong>hostiles</strong></span> <span class='ocrx_word' id='word_1_64' title='bbox 473 674 679 720; x_wconf 81' lang='lat' dir='ltr'>ceciderat</span> <span class='ocrx_word' id='word_1_65' title='bbox 719 679 894 729; x_wconf 87' lang='lat' dir='ltr'><strong>turmas,</strong></span> <span class='ocrx_word' id='word_1_66' title='bbox 937 675 1145 719; x_wconf 87' lang='lat' dir='ltr'><strong>Samnites</strong></span> <span class='ocrx_word' id='word_1_67' title='bbox 1184 674 1436 732; x_wconf 84' lang='lat' dir='ltr'><strong>potirentur.</strong></span> 
     </span>
     <span class='ocr_line' id='line_1_11' title="bbox 110 738 1474 797; baseline 0.001 -12"><span class='ocrx_word' id='word_1_68' title='bbox 110 740 192 785; x_wconf 86' lang='lat' dir='ltr'><strong>Sed</strong></span> <span class='ocrx_word' id='word_1_69' title='bbox 234 739 444 797; x_wconf 80' lang='lat' dir='ltr'><strong>extemplo</strong></span> <span class='ocrx_word' id='word_1_70' title='bbox 485 739 538 784; x_wconf 88' lang='lat' dir='ltr'><strong>ad</strong></span> <span class='ocrx_word' id='word_1_71' title='bbox 578 738 705 797; x_wconf 89' lang='lat' dir='ltr'><strong>pedes</strong></span> <span class='ocrx_word' id='word_1_72' title='bbox 747 739 994 784; x_wconf 82' lang='lat' dir='ltr'><strong>descensum</strong></span> <span class='ocrx_word' id='word_1_73' title='bbox 1033 739 1085 784; x_wconf 89' lang='lat' dir='ltr'><strong>ab</strong></span> <span class='ocrx_word' id='word_1_74' title='bbox 1126 738 1331 784; x_wconf 86' lang='lat' dir='ltr'><strong>Romanis</strong></span> <span class='ocrx_word' id='word_1_75' title='bbox 1372 741 1474 786; x_wconf 71' lang='lat' dir='ltr'><strong>est?</strong></span> 
     </span>
     <span class='ocr_line' id='line_1_12' title="bbox 110 803 1438 863; baseline -0.002 -13"><span class='ocrx_word' id='word_1_76' title='bbox 110 806 328 863; x_wconf 84' lang='lat' dir='ltr'><strong>coactique</strong></span> <span class='ocrx_word' id='word_1_77' title='bbox 368 804 479 849; x_wconf 89' lang='lat' dir='ltr'><strong>idem</strong></span> <span class='ocrx_word' id='word_1_78' title='bbox 521 803 732 848; x_wconf 84' lang='lat' dir='ltr'><strong>Samnites</strong></span> <span class='ocrx_word' id='word_1_79' title='bbox 773 803 939 849; x_wconf 89' lang='lat' dir='ltr'><strong>facere:</strong></span> <span class='ocrx_word' id='word_1_80' title='bbox 982 808 1026 849; x_wconf 89' lang='lat' dir='ltr'><strong>et</strong></span> <span class='ocrx_word' id='word_1_81' title='bbox 1066 803 1288 860; x_wconf 84' lang='lat' dir='ltr'><strong>repentina</strong></span> <span class='ocrx_word' id='word_1_82' title='bbox 1328 803 1438 848; x_wconf 90' lang='lat' dir='ltr'><strong>acies</strong></span> 
     </span>
     <span class='ocr_line' id='line_1_13' title="bbox 111 867 1439 928; baseline -0.002 -14"><span class='ocrx_word' id='word_1_83' title='bbox 111 870 221 914; x_wconf 90' lang='lat' dir='ltr'><strong>circa</strong></span> <span class='ocrx_word' id='word_1_84' title='bbox 248 884 424 928; x_wconf 88' lang='lat' dir='ltr'><strong>corpora</strong></span> <span class='ocrx_word' id='word_1_85' title='bbox 451 868 604 913; x_wconf 91' lang='lat' dir='ltr'><strong>ducum</strong></span> <span class='ocrx_word' id='word_1_86' title='bbox 632 867 827 926; x_wconf 77' lang='lat' dir='ltr'><strong>pedestre</strong></span> <span class='ocrx_word' id='word_1_87' title='bbox 856 869 1049 927; x_wconf 87' lang='lat' dir='ltr'><strong>proelium</strong></span> <span class='ocrx_word' id='word_1_88' title='bbox 1076 869 1184 921; x_wconf 85' lang='lat' dir='ltr'><strong>iniit,</strong></span> <span class='ocrx_word' id='word_1_89' title='bbox 1210 883 1296 926; x_wconf 90' lang='lat' dir='ltr'><strong>quo</strong></span> <span class='ocrx_word' id='word_1_90' title='bbox 1325 867 1439 912; x_wconf 89' lang='lat' dir='ltr'><strong>haud</strong></span> 
     </span>
     <span class='ocr_line' id='line_1_14' title="bbox 113 933 1440 992; baseline -0.002 -14"><span class='ocrx_word' id='word_1_91' title='bbox 113 933 240 978; x_wconf 93' lang='lat' dir='ltr'><strong>dubie</strong></span> <span class='ocrx_word' id='word_1_92' title='bbox 267 937 440 992; x_wconf 87' lang='lat' dir='ltr'><strong>superat</strong></span> <span class='ocrx_word' id='word_1_93' title='bbox 470 933 700 986; x_wconf 85' lang='lat' dir='ltr'><strong>Romanus,</strong></span> <span class='ocrx_word' id='word_1_94' title='bbox 730 938 1109 992; x_wconf 89' lang='lat' dir='ltr'><strong>recuperatumque</strong></span> <span class='ocrx_word' id='word_1_95' title='bbox 1140 933 1258 978; x_wconf 82' lang='lat' dir='ltr'><strong>Aulii</strong></span> <span class='ocrx_word' id='word_1_96' title='bbox 1288 947 1440 991; x_wconf 83' lang='lat' dir='ltr'><strong>corpus</strong></span> 
     </span>
     <span class='ocr_line' id='line_1_15' title="bbox 112 997 1440 1043; baseline 0 -1"><span class='ocrx_word' id='word_1_97' title='bbox 112 998 245 1042; x_wconf 82' lang='lat' dir='ltr'><strong>mixta</strong></span> <span class='ocrx_word' id='word_1_98' title='bbox 275 1013 370 1042; x_wconf 89' lang='lat' dir='ltr'><strong>eum</strong></span> <span class='ocrx_word' id='word_1_99' title='bbox 402 997 544 1042; x_wconf 88' lang='lat' dir='ltr'><strong>dolore</strong></span> <span class='ocrx_word' id='word_1_100' title='bbox 579 997 729 1042; x_wconf 84' lang='lat' dir='ltr'><strong>laetitia</strong></span> <span class='ocrx_word' id='word_1_101' title='bbox 763 998 946 1042; x_wconf 85' lang='lat' dir='ltr'><strong>victores</strong></span> <span class='ocrx_word' id='word_1_102' title='bbox 980 999 1026 1042; x_wconf 89' lang='lat' dir='ltr'><strong>in</strong></span> <span class='ocrx_word' id='word_1_103' title='bbox 1062 1002 1202 1043; x_wconf 87' lang='lat' dir='ltr'><strong>castra</strong></span> <span class='ocrx_word' id='word_1_104' title='bbox 1235 998 1440 1042; x_wconf 84' lang='lat' dir='ltr'><strong>referunt.</strong></span> 
     </span>
     <span class='ocr_line' id='line_1_16' title="bbox 114 1062 1476 1121; baseline 0.001 -14"><span class='ocrx_word' id='word_1_105' title='bbox 114 1063 323 1108; x_wconf 84' lang='lat' dir='ltr'><strong>Samnites</strong></span> <span class='ocrx_word' id='word_1_106' title='bbox 345 1062 452 1108; x_wconf 91' lang='lat' dir='ltr'><strong>duce</strong></span> <span class='ocrx_word' id='word_1_107' title='bbox 481 1062 634 1106; x_wconf 86' lang='lat' dir='ltr'><strong>amisso</strong></span> <span class='ocrx_word' id='word_1_108' title='bbox 663 1067 705 1107; x_wconf 91' lang='lat' dir='ltr'><strong>et</strong></span> <span class='ocrx_word' id='word_1_109' title='bbox 734 1078 810 1121; x_wconf 91' lang='lat' dir='ltr'><strong>per</strong></span> <span class='ocrx_word' id='word_1_110' title='bbox 840 1067 1036 1121; x_wconf 86' lang='lat' dir='ltr'><strong>equestre</strong></span> <span class='ocrx_word' id='word_1_111' title='bbox 1065 1068 1279 1108; x_wconf 88' lang='lat' dir='ltr'><strong>certamen</strong></span> <span class='ocrx_word' id='word_1_112' title='bbox 1306 1067 1476 1121; x_wconf 88' lang='lat' dir='ltr'><strong>temp-8</strong></span> 
     </span>
     <span class='ocr_line' id='line_1_17' title="bbox 113 1126 1443 1188; baseline 0 -16"><span class='ocrx_word' id='word_1_113' title='bbox 113 1128 215 1173; x_wconf 88' lang='lat' dir='ltr'><strong>tatis</strong></span> <span class='ocrx_word' id='word_1_114' title='bbox 243 1128 404 1173; x_wconf 79' lang='lat' dir='ltr'><strong>viribus</strong></span> <span class='ocrx_word' id='word_1_115' title='bbox 431 1128 587 1172; x_wconf 86' lang='lat' dir='ltr'><strong>omissa</strong></span> <span class='ocrx_word' id='word_1_116' title='bbox 618 1127 816 1183; x_wconf 84' lang='lat' dir='ltr'><strong>Saticula,</strong></span> <span class='ocrx_word' id='word_1_117' title='bbox 838 1143 963 1186; x_wconf 87' lang='lat' dir='ltr'><strong>quam</strong></span> <span class='ocrx_word' id='word_1_118' title='bbox 990 1129 1244 1188; x_wconf 84' lang='lat' dir='ltr'><strong>nequiquam</strong></span> <span class='ocrx_word' id='word_1_119' title='bbox 1274 1126 1443 1172; x_wconf 78' lang='lat' dir='ltr'><strong>defendi</strong></span> 
     </span>
     <span class='ocr_line' id='line_1_18' title="bbox 113 1191 1442 1251; baseline -0.001 -13"><span class='ocrx_word' id='word_1_120' title='bbox 113 1193 329 1244; x_wconf 81' lang='lat' dir='ltr'><strong>rebantur,</strong></span> <span class='ocrx_word' id='word_1_121' title='bbox 351 1192 404 1237; x_wconf 90' lang='lat' dir='ltr'><strong>ad</strong></span> <span class='ocrx_word' id='word_1_122' title='bbox 424 1192 609 1237; x_wconf 84' lang='lat' dir='ltr'><strong>Plisticae</strong></span> <span class='ocrx_word' id='word_1_123' title='bbox 631 1191 892 1238; x_wconf 88' lang='lat' dir='ltr'><strong>obsidionem</strong></span> <span class='ocrx_word' id='word_1_124' title='bbox 913 1193 1105 1249; x_wconf 89' lang='lat' dir='ltr'><strong>redeunt,</strong></span> <span class='ocrx_word' id='word_1_125' title='bbox 1125 1194 1321 1251; x_wconf 85' lang='lat' dir='ltr'><strong>intraque</strong></span> <span class='ocrx_word' id='word_1_126' title='bbox 1342 1207 1442 1251; x_wconf 88' lang='lat' dir='ltr'><strong>pau-</strong></span> 
     </span>
     <span class='ocr_line' id='line_1_19' title="bbox 114 1257 1443 1318; baseline -0.001 -15"><span class='ocrx_word' id='word_1_127' title='bbox 114 1273 186 1303; x_wconf 89' lang='lat' dir='ltr'><strong>cos</strong></span> <span class='ocrx_word' id='word_1_128' title='bbox 207 1257 296 1302; x_wconf 89' lang='lat' dir='ltr'><strong>dies</strong></span> <span class='ocrx_word' id='word_1_129' title='bbox 319 1257 506 1302; x_wconf 83' lang='lat' dir='ltr'><strong>Saticula</strong></span> <span class='ocrx_word' id='word_1_130' title='bbox 526 1257 745 1302; x_wconf 83' lang='lat' dir='ltr'><strong>Romanus</strong></span> <span class='ocrx_word' id='word_1_131' title='bbox 768 1273 843 1316; x_wconf 89' lang='lat' dir='ltr'><strong>per</strong></span> <span class='ocrx_word' id='word_1_132' title='bbox 871 1257 1141 1312; x_wconf 88' lang='lat' dir='ltr'><strong>deditionem,</strong></span> <span class='ocrx_word' id='word_1_133' title='bbox 1165 1258 1340 1305; x_wconf 82' lang='lat' dir='ltr'><strong>Plistica</strong></span> <span class='ocrx_word' id='word_1_134' title='bbox 1367 1272 1443 1318; x_wconf 90' lang='lat' dir='ltr'><strong>per</strong></span> 
     </span>
     <span class='ocr_line' id='line_1_20' title="bbox 114 1322 584 1380; baseline -0.002 -13"><span class='ocrx_word' id='word_1_135' title='bbox 114 1324 200 1368; x_wconf 85' lang='lat' dir='ltr'><strong>vim</strong></span> <span class='ocrx_word' id='word_1_136' title='bbox 222 1322 386 1368; x_wconf 84' lang='lat' dir='ltr'><strong>Samnis</strong></span> <span class='ocrx_word' id='word_1_137' title='bbox 407 1323 584 1380; x_wconf 89' lang='lat' dir='ltr'><strong>potitur.</strong></span> 
     </span>
    </p>

    <p class='ocr_par' dir='ltr' id='par_1_3' title="bbox 115 1386 1564 2296">
     <span class='ocr_line' id='line_1_21' title="bbox 173 1386 1564 1449; baseline -0.001 -17"><span class='ocrx_word' id='word_1_138' title='bbox 173 1387 348 1432; x_wconf 82' lang='lat' dir='ltr'><strong>Mutata</strong></span> <span class='ocrx_word' id='word_1_139' title='bbox 381 1387 479 1432; x_wconf 87' lang='lat' dir='ltr'><strong>inde</strong></span> <span class='ocrx_word' id='word_1_140' title='bbox 512 1387 611 1432; x_wconf 86' lang='lat' dir='ltr'><strong>belli</strong></span> <span class='ocrx_word' id='word_1_141' title='bbox 647 1386 767 1432; x_wconf 83' lang='lat' dir='ltr'><strong>sedes</strong></span> <span class='ocrx_word' id='word_1_142' title='bbox 803 1390 881 1441; x_wconf 90' lang='lat' dir='ltr'><strong>est,</strong></span> <span class='ocrx_word' id='word_1_143' title='bbox 915 1387 969 1433; x_wconf 91' lang='lat' dir='ltr'><strong>ad</strong></span> <span class='ocrx_word' id='word_1_144' title='bbox 1004 1388 1151 1433; x_wconf 87' lang='lat' dir='ltr'><strong>Soram</strong></span> <span class='ocrx_word' id='word_1_145' title='bbox 1186 1403 1239 1433; x_wconf 78' lang='lat' dir='ltr'><strong>ex</strong></span> <span class='ocrx_word' id='word_1_146' title='bbox 1275 1387 1564 1449; x_wconf 82' lang='lat' dir='ltr'><strong>Samnio(23)</strong></span> 
     </span>
     <span class='ocr_line' id='line_1_22' title="bbox 115 1451 1481 1511; baseline 0.003 -15"><span class='ocrx_word' id='word_1_147' title='bbox 115 1452 353 1511; x_wconf 83' lang='lat' dir='ltr'><strong>Apuliaque</strong></span> <span class='ocrx_word' id='word_1_148' title='bbox 382 1451 589 1497; x_wconf 85' lang='lat' dir='ltr'><strong>traductae</strong></span> <span class='ocrx_word' id='word_1_149' title='bbox 616 1451 814 1510; x_wconf 83' lang='lat' dir='ltr'><strong>legiones.</strong></span> <span class='ocrx_word' id='word_1_150' title='bbox 878 1453 983 1497; x_wconf 89' lang='lat' dir='ltr'><strong>Sora</strong></span> <span class='ocrx_word' id='word_1_151' title='bbox 1009 1453 1062 1497; x_wconf 89' lang='lat' dir='ltr'><strong>ad</strong></span> <span class='ocrx_word' id='word_1_152' title='bbox 1094 1453 1303 1498; x_wconf 84' lang='lat' dir='ltr'><strong>Samnites</strong></span> <span class='ocrx_word' id='word_1_153' title='bbox 1331 1452 1481 1500; x_wconf 87' lang='lat' dir='ltr'><strong>dese-2</strong></span> 
     </span>
     <span class='ocr_line' id='line_1_23' title="bbox 117 1516 1446 1577; baseline 0.001 -16"><span class='ocrx_word' id='word_1_154' title='bbox 117 1521 231 1561; x_wconf 88' lang='lat' dir='ltr'><strong>cerat</strong></span> <span class='ocrx_word' id='word_1_155' title='bbox 261 1516 496 1562; x_wconf 89' lang='lat' dir='ltr'><strong>interfectis</strong></span> <span class='ocrx_word' id='word_1_156' title='bbox 527 1517 684 1562; x_wconf 89' lang='lat' dir='ltr'><strong>colonis</strong></span> <span class='ocrx_word' id='word_1_157' title='bbox 715 1517 1029 1562; x_wconf 82' lang='lat' dir='ltr'><strong>Romanorum:</strong></span> <span class='ocrx_word' id='word_1_158' title='bbox 1063 1533 1145 1577; x_wconf 91' lang='lat' dir='ltr'><strong>quo</strong></span> <span class='ocrx_word' id='word_1_159' title='bbox 1174 1534 1303 1577; x_wconf 89' lang='lat' dir='ltr'><strong>quum</strong></span> <span class='ocrx_word' id='word_1_160' title='bbox 1332 1517 1446 1576; x_wconf 87' lang='lat' dir='ltr'><strong>prior</strong></span> 
     </span>
     <span class='ocr_line' id='line_1_24' title="bbox 116 1581 1446 1628; baseline 0.002 -3"><span class='ocrx_word' id='word_1_161' title='bbox 116 1582 335 1626; x_wconf 83' lang='lat' dir='ltr'><strong>Romanus</strong></span> <span class='ocrx_word' id='word_1_162' title='bbox 356 1582 568 1627; x_wconf 80' lang='lat' dir='ltr'><strong>exercitus</strong></span> <span class='ocrx_word' id='word_1_163' title='bbox 589 1581 642 1626; x_wconf 92' lang='lat' dir='ltr'><strong>ad</strong></span> <span class='ocrx_word' id='word_1_164' title='bbox 667 1581 949 1627; x_wconf 85' lang='lat' dir='ltr'><strong>ulciscendam</strong></span> <span class='ocrx_word' id='word_1_165' title='bbox 976 1583 1130 1628; x_wconf 88' lang='lat' dir='ltr'><strong>civium</strong></span> <span class='ocrx_word' id='word_1_166' title='bbox 1158 1598 1303 1628; x_wconf 90' lang='lat' dir='ltr'><strong>necem</strong></span> <span class='ocrx_word' id='word_1_167' title='bbox 1330 1598 1446 1628; x_wconf 87' lang='lat' dir='ltr'><strong>recu·</strong></span> 
     </span>
     <span class='ocr_line' id='line_1_25' title="bbox 117 1646 1443 1707; baseline 0.002 -16"><span class='ocrx_word' id='word_1_168' title='bbox 117 1646 426 1705; x_wconf 88' lang='lat' dir='ltr'><strong>perandamque</strong></span> <span class='ocrx_word' id='word_1_169' title='bbox 463 1647 668 1692; x_wconf 87' lang='lat' dir='ltr'><strong>coloniam</strong></span> <span class='ocrx_word' id='word_1_170' title='bbox 703 1647 868 1706; x_wconf 85' lang='lat' dir='ltr'><strong>magnis</strong></span> <span class='ocrx_word' id='word_1_171' title='bbox 898 1647 1121 1692; x_wconf 86' lang='lat' dir='ltr'><strong>itineribus</strong></span> <span class='ocrx_word' id='word_1_172' title='bbox 1155 1648 1443 1707; x_wconf 69' lang='lat' dir='ltr'><strong>praevenisset,</strong></span> 
     </span>
     <span class='ocr_line' id='line_1_26' title="bbox 118 1711 1445 1771; baseline 0.002 -15"><span class='ocrx_word' id='word_1_173' title='bbox 118 1711 253 1769; x_wconf 84' lang='lat' dir='ltr'><strong>sparsi</strong></span> <span class='ocrx_word' id='word_1_174' title='bbox 283 1727 358 1770; x_wconf 88' lang='lat' dir='ltr'><strong>per</strong></span> <span class='ocrx_word' id='word_1_175' title='bbox 387 1711 476 1756; x_wconf 86' lang='lat' dir='ltr'><strong>vias</strong></span> <span class='ocrx_word' id='word_1_176' title='bbox 507 1712 792 1769; x_wconf 85' lang='lat' dir='ltr'><strong>speculatores</strong></span> <span class='ocrx_word' id='word_1_177' title='bbox 823 1713 944 1770; x_wconf 81' lang='lat' dir='ltr'><strong>sequi</strong></span> <span class='ocrx_word' id='word_1_178' title='bbox 972 1712 1159 1771; x_wconf 88' lang='lat' dir='ltr'><strong>legiones</strong></span> <span class='ocrx_word' id='word_1_179' title='bbox 1190 1713 1445 1759; x_wconf 84' lang='lat' dir='ltr'><strong>Samnitium</strong></span> 
     </span>
     <span class='ocr_line' id='line_1_27' title="bbox 117 1775 1446 1834; baseline 0.002 -14"><span class='ocrx_word' id='word_1_180' title='bbox 117 1791 196 1820; x_wconf 91' lang='lat' dir='ltr'><strong>nec</strong></span> <span class='ocrx_word' id='word_1_181' title='bbox 221 1779 308 1833; x_wconf 90' lang='lat' dir='ltr'><strong>jam</strong></span> <span class='ocrx_word' id='word_1_182' title='bbox 341 1775 487 1834; x_wconf 89' lang='lat' dir='ltr'><strong>procul</strong></span> <span class='ocrx_word' id='word_1_183' title='bbox 517 1775 663 1821; x_wconf 87' lang='lat' dir='ltr'><strong>abesse</strong></span> <span class='ocrx_word' id='word_1_184' title='bbox 695 1776 764 1820; x_wconf 83' lang='lat' dir='ltr'><strong>alii</strong></span> <span class='ocrx_word' id='word_1_185' title='bbox 795 1792 922 1834; x_wconf 88' lang='lat' dir='ltr'><strong>super</strong></span> <span class='ocrx_word' id='word_1_186' title='bbox 952 1776 1054 1822; x_wconf 89' lang='lat' dir='ltr'><strong>alios</strong></span> <span class='ocrx_word' id='word_1_187' title='bbox 1085 1778 1344 1830; x_wconf 88' lang='lat' dir='ltr'><strong>nuntiarent,</strong></span> <span class='ocrx_word' id='word_1_188' title='bbox 1375 1778 1446 1823; x_wconf 93' lang='lat' dir='ltr'><strong>ob-</strong></span> 
     </span>
     <span class='ocr_line' id='line_1_28' title="bbox 118 1840 1447 1900; baseline 0.002 -16"><span class='ocrx_word' id='word_1_189' title='bbox 118 1840 230 1884; x_wconf 83' lang='lat' dir='ltr'><strong>viam</strong></span> <span class='ocrx_word' id='word_1_190' title='bbox 270 1841 380 1885; x_wconf 89' lang='lat' dir='ltr'><strong>itum</strong></span> <span class='ocrx_word' id='word_1_191' title='bbox 419 1841 535 1885; x_wconf 85' lang='lat' dir='ltr'><strong>hosti</strong></span> <span class='ocrx_word' id='word_1_192' title='bbox 575 1844 703 1900; x_wconf 86' lang='lat' dir='ltr'><strong>atque</strong></span> <span class='ocrx_word' id='word_1_193' title='bbox 744 1840 797 1885; x_wconf 85' lang='lat' dir='ltr'><strong>ad</strong></span> <span class='ocrx_word' id='word_1_194' title='bbox 837 1841 1045 1886; x_wconf 88' lang='lat' dir='ltr'><strong>Lautulas</strong></span> <span class='ocrx_word' id='word_1_195' title='bbox 1087 1842 1261 1900; x_wconf 87' lang='lat' dir='ltr'><strong>ancipiti</strong></span> <span class='ocrx_word' id='word_1_196' title='bbox 1300 1841 1447 1900; x_wconf 86' lang='lat' dir='ltr'><strong>proelio</strong></span> 
     </span>
     <span class='ocr_line' id='line_1_29' title="bbox 121 1904 1447 1965; baseline 0.002 -16"><span class='ocrx_word' id='word_1_197' title='bbox 121 1904 367 1950; x_wconf 86' lang='lat' dir='ltr'><strong>dimicatum</strong></span> <span class='ocrx_word' id='word_1_198' title='bbox 389 1909 480 1950; x_wconf 85' lang='lat' dir='ltr'><strong>est:</strong></span> <span class='ocrx_word' id='word_1_199' title='bbox 513 1920 599 1949; x_wconf 85' lang='lat' dir='ltr'><strong>non</strong></span> <span class='ocrx_word' id='word_1_200' title='bbox 620 1905 753 1950; x_wconf 89' lang='lat' dir='ltr'><strong>caedes</strong></span> <span class='ocrx_word' id='word_1_201' title='bbox 774 1921 860 1950; x_wconf 89' lang='lat' dir='ltr'><strong>non</strong></span> <span class='ocrx_word' id='word_1_202' title='bbox 889 1906 992 1964; x_wconf 86' lang='lat' dir='ltr'><strong>fuga</strong></span> <span class='ocrx_word' id='word_1_203' title='bbox 1021 1905 1194 1951; x_wconf 83' lang='lat' dir='ltr'><strong>alterius</strong></span> <span class='ocrx_word' id='word_1_204' title='bbox 1216 1907 1351 1965; x_wconf 85' lang='lat' dir='ltr'><strong>partis</strong></span> <span class='ocrx_word' id='word_1_205' title='bbox 1373 1906 1447 1954; x_wconf 87' lang='lat' dir='ltr'><strong>sed</strong></span> 
     </span>
     <span class='ocr_line' id='line_1_30' title="bbox 121 1969 1482 2024; baseline 0.002 -10"><span class='ocrx_word' id='word_1_206' title='bbox 121 1984 207 2014; x_wconf 84' lang='lat' dir='ltr'><strong>nox</strong></span> <span class='ocrx_word' id='word_1_207' title='bbox 233 1969 430 2023; x_wconf 89' lang='lat' dir='ltr'><strong>incertos,</strong></span> <span class='ocrx_word' id='word_1_208' title='bbox 453 1970 557 2014; x_wconf 89' lang='lat' dir='ltr'><strong>victi</strong></span> <span class='ocrx_word' id='word_1_209' title='bbox 584 1971 821 2014; x_wconf 89' lang='lat' dir='ltr'><strong>victoresne</strong></span> <span class='ocrx_word' id='word_1_210' title='bbox 850 1975 1006 2024; x_wconf 89' lang='lat' dir='ltr'><strong>essent,</strong></span> <span class='ocrx_word' id='word_1_211' title='bbox 1030 1970 1211 2015; x_wconf 87' lang='lat' dir='ltr'><strong>diremit.</strong></span> <span class='ocrx_word' id='word_1_212' title='bbox 1269 1971 1482 2018; x_wconf 83' lang='lat' dir='ltr'><strong>Invenio3</strong></span> 
     </span>
     <span class='ocr_line' id='line_1_31' title="bbox 124 2034 1448 2094; baseline 0.002 -16"><span class='ocrx_word' id='word_1_213' title='bbox 124 2034 236 2092; x_wconf 87' lang='lat' dir='ltr'><strong>apud</strong></span> <span class='ocrx_word' id='word_1_214' title='bbox 268 2034 471 2092; x_wconf 86' lang='lat' dir='ltr'><strong>quosdam</strong></span> <span class='ocrx_word' id='word_1_215' title='bbox 501 2034 717 2078; x_wconf 83' lang='lat' dir='ltr'><strong>adversam</strong></span> <span class='ocrx_word' id='word_1_216' title='bbox 749 2050 840 2079; x_wconf 91' lang='lat' dir='ltr'><strong>eam</strong></span> <span class='ocrx_word' id='word_1_217' title='bbox 870 2050 1055 2094; x_wconf 84' lang='lat' dir='ltr'><strong>pugnam</strong></span> <span class='ocrx_word' id='word_1_218' title='bbox 1085 2035 1290 2080; x_wconf 79' lang='lat' dir='ltr'><strong>Romanis</strong></span> <span class='ocrx_word' id='word_1_219' title='bbox 1317 2035 1448 2082; x_wconf 86' lang='lat' dir='ltr'><strong>fuisse</strong></span> 
     </span>
     <span class='ocr_line' id='line_1_32' title="bbox 125 2099 1448 2158; baseline 0.002 -15"><span class='ocrx_word' id='word_1_220' title='bbox 125 2103 252 2158; x_wconf 89' lang='lat' dir='ltr'><strong>atque</strong></span> <span class='ocrx_word' id='word_1_221' title='bbox 287 2100 334 2143; x_wconf 87' lang='lat' dir='ltr'><strong>in</strong></span> <span class='ocrx_word' id='word_1_222' title='bbox 367 2115 418 2144; x_wconf 89' lang='lat' dir='ltr'><strong>ea</strong></span> <span class='ocrx_word' id='word_1_223' title='bbox 452 2100 654 2144; x_wconf 88' lang='lat' dir='ltr'><strong>cecidisse</strong></span> <span class='ocrx_word' id='word_1_224' title='bbox 686 2100 735 2152; x_wconf 86' lang='lat' dir='ltr'><strong>Q.</strong></span> <span class='ocrx_word' id='word_1_225' title='bbox 759 2099 929 2144; x_wconf 87' lang='lat' dir='ltr'><strong>Aulium</strong></span> <span class='ocrx_word' id='word_1_226' title='bbox 966 2101 1215 2158; x_wconf 83' lang='lat' dir='ltr'><strong>magistrum</strong></span> <span class='ocrx_word' id='word_1_227' title='bbox 1246 2101 1448 2158; x_wconf 87' lang='lat' dir='ltr'><strong>equitum.</strong></span> 
     </span>
     <span class='ocr_line' id='line_1_33' title="bbox 126 2163 1487 2225; baseline 0.001 -17"><span class='ocrx_word' id='word_1_228' title='bbox 126 2163 341 2208; x_wconf 86' lang='lat' dir='ltr'><strong>Suffectus</strong></span> <span class='ocrx_word' id='word_1_229' title='bbox 377 2165 422 2208; x_wconf 91' lang='lat' dir='ltr'><strong>in</strong></span> <span class='ocrx_word' id='word_1_230' title='bbox 450 2163 590 2209; x_wconf 91' lang='lat' dir='ltr'><strong>locum</strong></span> <span class='ocrx_word' id='word_1_231' title='bbox 620 2163 738 2208; x_wconf 86' lang='lat' dir='ltr'><strong>Aulii</strong></span> <span class='ocrx_word' id='word_1_232' title='bbox 768 2163 816 2209; x_wconf 87' lang='lat' dir='ltr'><strong>C.</strong></span> <span class='ocrx_word' id='word_1_233' title='bbox 841 2164 997 2209; x_wconf 82' lang='lat' dir='ltr'><strong>Fabius</strong></span> <span class='ocrx_word' id='word_1_234' title='bbox 1028 2165 1230 2225; x_wconf 85' lang='lat' dir='ltr'><strong>magister</strong></span> <span class='ocrx_word' id='word_1_235' title='bbox 1259 2166 1445 2225; x_wconf 91' lang='lat' dir='ltr'><strong>equitum</strong></span> <span class='ocrx_word' id='word_1_236' title='bbox 1462 2174 1487 2210; x_wconf 66' lang='lat' dir='ltr'><strong>t</strong></span> 
     </span>
     <span class='ocr_line' id='line_1_34' title="bbox 126 2228 1448 2307; baseline 0.006 -35"><span class='ocrx_word' id='word_1_237' title='bbox 126 2241 222 2272; x_wconf 88' lang='lat' dir='ltr'><strong>cum</strong></span> <span class='ocrx_word' id='word_1_238' title='bbox 244 2228 436 2274; x_wconf 82' lang='lat' dir='ltr'><strong>exercitu</strong></span> <span class='ocrx_word' id='word_1_239' title='bbox 454 2243 564 2274; x_wconf 86' lang='lat' dir='ltr'><strong>novo</strong></span> <span class='ocrx_word' id='word_1_240' title='bbox 591 2228 643 2274; x_wconf 85' lang='lat' dir='ltr'><strong>ab</strong></span> <span class='ocrx_word' id='word_1_241' title='bbox 671 2229 811 2276; x_wconf 85' lang='lat' dir='ltr'><strong>Roma</strong></span> <span class='ocrx_word' id='word_1_242' title='bbox 836 2228 1020 2307; x_wconf 77' lang='lat' dir='ltr'><strong>advenit,</strong></span> <span class='ocrx_word' id='word_1_243' title='bbox 1040 2233 1085 2289; x_wconf 72' lang='lat' dir='ltr'><strong>et</strong></span> <span class='ocrx_word' id='word_1_244' title='bbox 1110 2244 1186 2298; x_wconf 82' lang='lat' dir='ltr'><strong>per</strong></span> <span class='ocrx_word' id='word_1_245' title='bbox 1211 2229 1448 2303; x_wconf 68' lang='lat' dir='ltr'><strong>praemissos</strong></span> 
     </span>
    </p>
   </div>
   <div class='ocr_carea' id='block_1_3' title="bbox 129 2280 1450 2367">
    <p class='ocr_par' dir='ltr' id='par_1_4' title="bbox 129 2280 1450 2367">
     <span class='ocr_line' id='line_1_35' title="bbox 129 2280 1450 2367; baseline 0.008 -25"><span class='ocrx_word' id='word_1_246' title='bbox 129 2292 302 2361; x_wconf 62' lang='lat' dir='ltr'><strong>nuutios</strong></span> <span class='ocrx_word' id='word_1_247' title='bbox 329 2293 523 2345; x_wconf 74' lang='lat' dir='ltr'><strong>consulto</strong></span> <span class='ocrx_word' id='word_1_248' title='bbox 554 2293 774 2367; x_wconf 36' lang='lat' dir='ltr'><strong>dictatore‘</strong></span> <span class='ocrx_word' id='word_1_249' title='bbox 799 2280 875 2360; x_wconf 58' lang='lat' dir='ltr'><strong>absi</strong></span> <span class='ocrx_word' id='word_1_250' title='bbox 906 2297 1158 2357; x_wconf 73' lang='lat' dir='ltr'><strong>subsisteret</strong></span> <span class='ocrx_word' id='word_1_251' title='bbox 1185 2306 1320 2363; x_wconf 63' lang='lat' dir='ltr'><strong>quove</strong></span> <span class='ocrx_word' id='word_1_252' title='bbox 1347 2303 1450 2365; x_wconf 62' lang='lat' dir='ltr'><strong>tem,</strong></span> 
     </span>
    </p>
   </div>
  </div>
 </body>
</html>
