1649 2452
169 69 246 107 406
487 68 533 109 T.
562 68 714 110 LIVII
744 68 1163 112 HISTORIARUM

126 168 148 203 3
165 161 237 218 qui
264 159 465 206 dederant
493 164 704 220 poenituit.
765 164 1036 222 Inexplorato
1067 123 1328 223 1131111131αὲ
1333 119 1488 209 (3111131115-

165 228 232 269 tes
258 225 432 270 misere:
466 226 616 284 quibus
648 227 764 272 velut
794 227 1280 287 circumventis—quum
1307 227 1352 272 id
1379 228 1486 273 falso

165 290 407 334 nuntiatum
429 292 700 336 esset—dum
728 292 922 349 praesidio
948 298 998 337 ut
1027 297 1168 338 essent
1199 284 1319 337 citati
1344 292 1489 342 ferun-

165 357 249 408 tur,
265 370 318 399 ne
340 359 511 400 auctore
533 357 698 414 quidem
721 355 952 410 adservato,
972 357 1044 430 qui
1065 373 1136 402 eos
1152 357 1287 401 hostis
1303 356 1487 400 Latinus

165 433 241 476 pro
263 419 394 464 milite
415 419 607 464 Romano
629 420 859 465 frustratus
883 424 986 474 erat,
1009 421 1092 479 ipsi
1110 421 1156 465 in
1181 420 1355 464 insidias
1382 435 1490 478 prae-

125 487 151 523 4
167 483 403 540 cipitavere.
466 483 534 528 Ibi
565 483 661 528 dum
693 484 837 542 iniquo
866 484 958 529 loco
989 485 1078 529 sola
1111 485 1272 530 virtute
1306 483 1490 528 militum

166 554 375 593 restantes
398 548 565 593 caedunt
593 548 907 608 caeduntur-que,
931 554 1071 594 castra
1098 550 1266 594 interim
1297 549 1491 594 Romana

129 617 151 653 5
161 613 347 669 jacentia
366 614 411 656 in
432 628 577 671 campo
599 613 649 657 ab
678 613 809 657 altera
839 617 958 672 parte
986 613 1130 658 hostes
1158 614 1360 658 invasere.
1421 611 1490 657 Ab

168 676 344 721 ducibus
365 677 589 735 utrobique
611 677 787 735 proditae
808 678 1046 723 temeritate
1068 681 1195 736 atque
1214 677 1382 722 inscitia
1400 693 1489 722 res:
1516 731 1520 733 Δ

168 741 369 799 quidquid
398 742 606 799 superfuit
633 742 814 786 fortunae
844 742 989 800 populi
1017 741 1212 798 Romani,
1239 742 1283 787 id
1309 741 1492 786 militum

130 808 153 845 6
169 805 293 849 etiam
316 806 405 850 sine
432 811 594 850 rectore
625 805 788 850 stabilis
815 806 952 850 virtus
979 809 1123 851 tutata
1142 809 1220 850 est.
1283 806 1392 854 Quae
1418 804 1494 850 ubi

169 869 349 913 Romam
378 874 477 914 sunt
505 870 649 923 relata,
680 870 858 927 primum
889 870 1139 915 dictatorem
1167 869 1249 914 dici
1275 868 1490 928 placebat:

171 933 331 987 deinde,
356 939 577 993 postquam
601 936 752 993 quietae
773 951 839 980 res
861 951 914 980 ex
934 935 1104 980 Vulscis
1128 934 1428 979 adferebantur
1447 936 1492 978 et

172 999 365 1056 apparuit
394 999 556 1043 nescire
592 1014 663 1043 eos
698 999 876 1044 victoria
905 1003 949 1044 et
978 1003 1169 1057 tempore
1200 999 1277 1053 uti,
1307 998 1494 1043 revocati

171 1065 298 1107 etiam
328 1061 425 1106 inde
453 1063 663 1107 exercitus
693 1078 740 1108 ac
771 1063 926 1108 duces:
957 1063 1176 1121 otiumque
1206 1062 1495 1120 inde—quan-

170 1135 262 1172 tum
284 1144 309 1171 a
330 1128 734 1173 Vulscis—suisset:
767 1129 811 1173 id
838 1128 962 1173 modo
984 1132 1173 1173 extremo
1201 1143 1310 1172 anno
1338 1127 1496 1172 tumul-

176 1195 356 1246 tuatum,
379 1192 491 1250 quod
518 1193 771 1237 P1·aenestini
801 1193 1022 1238 concitatis
1050 1192 1302 1238 Latinorum
1327 1191 1494 1251 populis

133 1264 155 1305 7
172 1256 441 1300 rebellarunt.
502 1257 663 1301 Eodem
691 1273 799 1301 anno
829 1257 985 1302 Setiam
1007 1257 1108 1315 ipsis
1131 1257 1404 1316 querentibus
1424 1272 1496 1314 pe-

172 1321 336 1365 nuriam
358 1321 574 1365 hominum
604 1322 703 1366 novi
730 1322 867 1367 coloni
892 1321 1119 1380 adscripti:
1151 1322 1361 1380 rebusque
1381 1320 1498 1366 haud

174 1386 386 1444 prosperis
407 1385 516 1430 bello
538 1385 767 1431 domestica
795 1386 926 1445 quies,
952 1402 1076 1445 quam
1104 1386 1373 1431 tribunorum
1394 1385 1498 1431 mili-

173 1453 266 1494 tum
297 1465 349 1494 ex
380 1449 501 1508 plebe
530 1452 668 1509 gratia
702 1452 984 1510 majestasque
1018 1451 1131 1495 inter
1165 1466 1265 1496 suos
1300 1449 1498 1504 obtinuit,

175 1514 370 1559 solatium
393 1515 488 1560 fuit.

60 1582 160 1638 (31)
235 1579 504 1638 Insequentis
541 1580 638 1624 anni
672 1580 876 1638 principia
917 1580 1062 1625 statim
1097 1579 1303 1625 seditione
1336 1579 1500 1639 ingenti

177 1659 315 1689 arsere
355 1643 536 1689 tribunis
571 1644 750 1688 militum
787 1645 994 1690 consulari
1029 1648 1241 1703 potestate
1277 1645 1347 1704 Sp.
1370 1644 1500 1690 Furio

179 1711 232 1757 Q.
258 1709 433 1753 Servilio
469 1709 619 1753 iterum
657 1709 709 1753 L.
731 1709 933 1754 Menenio
969 1710 1144 1754 tertium
1178 1710 1228 1754 P.
1251 1708 1398 1754 Cloelio
1432 1708 1498 1753 M.

139 1774 361 1818 2Horatio
388 1774 439 1818 L.
465 1774 665 1831 Geganio.
726 1774 833 1818 Erat
861 1778 1002 1819 autem
1030 1778 1073 1819 et
1101 1774 1276 1819 materia
1303 1779 1347 1818 et
1374 1789 1501 1818 causa

178 1837 394 1883 seditionis
426 1854 483 1883 aes
512 1838 705 1892 alienum,
727 1841 849 1895 cujus
880 1838 1081 1884 noscendi
1108 1838 1246 1897 gratia
1268 1839 1338 1896 Sp.
1363 1838 1501 1883 Servi-

177 1902 258 1947 lius
290 1903 460 1947 Priscus
490 1903 543 1951 Q.
569 1902 739 1947 Cloelius
772 1903 938 1948 Siculus
968 1919 1161 1948 censores
1195 1903 1297 1948 facti
1326 1918 1379 1948 ne
1411 1919 1502 1948 rem

139 1975 162 2013 3
179 1972 365 2023 agerent,
384 1963 492 2011 bello
513 1967 703 2025 impediti
718 1971 831 2012 sunt.
864 1967 1060 2027 Namque
1079 1967 1235 2026 trepidi
1256 1967 1396 2012 nuntii
1417 1968 1502 2027 pri-

179 2047 260 2085 mo,
285 2032 386 2090 fuga
407 2031 556 2076 deinde
583 2047 636 2076 ex
660 2047 772 2104 agris
800 2031 985 2090 legiones
1005 2031 1302 2077 Vulscorum
1290 2047 1501 2090 mgressas

181 2096 283 2140 fines
325 2095 597 2153 popularique
637 2096 793 2154 passim
834 2097 1070 2141 Romanum
1113 2111 1260 2154 agrum
1296 2095 1500 2142 adtulere.

137 2161 234 2209 4In
265 2175 346 2218 qua
377 2160 654 2218 trepidatione
685 2165 850 2206 tantum
885 2160 992 2205 afuit
1022 2163 1072 2205 ut
1103 2160 1240 2205 civilia
1274 2160 1503 2206 certamina

179 2229 317 2285 terror
330 2229 532 2275 externus
548 2224 774 2283 cohiberet,
789 2228 999 2274 utcontra
1010 2239 1060 2274 eo
1072 2225 1296 2276 violentior
1310 2227 1502 2291 potestas
