1649 2452
272 143 285 152 .
563 87 672 128 LIB.
703 88 800 127 VII.
836 89 1024 128 12—14.-
1373 91 1449 130 4³9

123 139 568 240 ‘saedciiaisiiiutcumque
589 183 699 227 euim
720 199 765 227 sc
794 183 920 228 habet
941 198 1021 235 res,
1044 183 1088 226 te
1116 181 1168 226 de
1195 185 1341 227 nostra
1367 185 1450 228 vir-
1484 209 1485 212 =

129 250 225 294 tute
244 246 463 292 dubitasse
483 246 616 293 videri
636 262 762 305 quam
788 262 865 292 nos
886 246 939 295 de
963 249 1041 292 tua
1065 246 1206 292 verius
1233 250 1312 291 est.
1375 248 1485 299 Sin7

130 314 272 358 autem
298 326 384 358 non
409 314 532 356 tuum
561 310 673 357 istuc
703 311 778 358 sed
805 311 1019 370 publicum
1049 314 1115 357 est
1143 311 1374 366 consilium,
1405 317 1448 358 et

129 390 358 421 consensus
392 375 522 434 aliqui
549 379 717 434 patrum
747 391 834 421 non
864 377 1068 422 Gallicum
1098 375 1253 421 bellum
1287 392 1365 421 nos
1397 378 1448 423 ab

129 439 234 486 urbe
262 456 288 486 a
313 440 537 498 penatibus
562 441 720 485 nostris
751 441 966 499 ablegatos
994 444 1125 494 tenet,
1149 456 1291 500 quaeso
1320 445 1370 486 ut
1400 458 1450 487 ea

130 521 224 564 quae
243 504 376 550 dicam
397 520 484 550 non
503 520 528 550 a
546 505 751 550 militibus
772 506 1016 564 imperatori
1043 505 1156 550 dicta
1182 520 1353 551 censeas
1374 506 1449 551 sed

129 586 155 617 a
174 570 295 629 plebe
314 570 519 629 patribuS,
541 587 633 629 quae
654 571 765 616 sicut
787 587 861 616 vos
882 576 1024 616 vestra
1041 571 1231 616 habeatis
1264 572 1447 628 consilia,

129 637 191 681 sic
218 651 264 681 se
291 651 370 681 sua
394 635 634 680 habituram
665 635 790 681 dicat.
853 636 957 690 Quis
987 635 1158 681 tandem
1188 641 1445 690 succenseat,
1461 646 1483 682 8

128 699 282 745 milites
309 716 387 746 nos
415 716 507 745 esse
533 716 619 745 non
645 716 788 745 servos
819 705 997 754 vestros,
1021 700 1074 745 ad
1103 699 1258 745 bellum
1289 716 1375 746 non
1403 702 1449 746 in

129 765 322 810 exsilium
342 765 504 818 missos,
528 765 565 810 si
584 765 677 823 quis
699 764 771 810 det
799 765 967 823 signum
987 765 1032 809 in
1052 765 1183 810 aciem
1210 765 1374 819 educat,
1396 770 1447 811 ut

129 829 229 874 viris
250 845 298 874 ac
319 830 521 874 Romanis
550 829 723 888 dignum
751 829 819 884 sit,
840 833 1116 888 pugnaturos,
1140 830 1176 874 si
1196 830 1301 875 nihil
1321 831 1447 876 armis

128 909 234 952 opus
255 895 324 949 sit,
345 895 477 939 otium
498 894 647 938 Romae
674 894 815 952 potius
838 910 963 952 quam
990 895 1035 939 in
1063 895 1212 940 castris
1241 897 1446 940 acturos?

128 958 218 1004 haec
257 958 370 1004 dicta
404 959 489 1003 sint
529 958 732 1016 patribus.
794 958 868 1008 Te.
908 959 1148 1016 imperator,
1186 959 1341 1004 milites
1381 959 1484 1008 tui9

127 1038 294 1068 oramus
314 1027 364 1068 ut
384 1023 505 1068 nobis
526 1022 742 1081 pugnandi
763 1023 925 1081 copiam
945 1024 1096 1068 facias:
1129 1040 1259 1083 quum
1281 1025 1447 1070 vincere

126 1088 318 1145 cupimus
352 1092 444 1133 tum
479 1091 524 1132 te
560 1087 665 1133 duce
699 1088 879 1142 vincere,
911 1087 991 1133 tibi
1025 1088 1209 1134 lauream
1240 1090 1448 1149 insignem

128 1151 302 1206 deferre,
343 1155 486 1197 tecum
525 1152 836 1212 triumphantes
876 1153 1025 1197 urbem
1065 1154 1184 1207 inire,
1220 1157 1344 1199 tuum
1384 1170 1449 1200 se-

126 1221 304 1275 quentes
325 1233 495 1262 currum
522 1217 550 1261 J
552 1218 641 1262 ovis
669 1218 819 1276 optimi
846 1218 1018 1262 maximi
1047 1218 1252 1276 templum
1279 1223 1448 1278 gratan-

125 1287 191 1327 tes
226 1286 482 1341 ovantesque
523 1282 679 1327 adire.’'
740 1283 986 1328 Orationem
1026 1283 1153 1328 Tullii
1192 1288 1448 1342 exceperunt
1467 1295 1512 1331 10

125 1361 271 1404 preces
306 1346 604 1400 multitudinis,
642 1350 686 1392 et
721 1347 919 1406 undique,
953 1351 1005 1392 ut
1039 1348 1209 1406 signum
1244 1350 1364 1394 daret
1398 1353 1448 1394 ut

125 1426 274 1469 capere
302 1427 418 1456 arma
438 1411 627 1469 juberet,
655 1411 903 1457 clamabant.
965 1412 1175 1467 Dictator,
1196 1429 1446 1473 quamquam
1461 1418 1560 1469 (14)

124 1492 214 1521 rem
248 1475 402 1521 bonam
436 1476 628 1534 exemplo
664 1476 778 1521 haud
813 1476 1019 1535 probabili
1059 1482 1197 1523 actam
1237 1479 1446 1532 cernebet,

124 1544 269 1586 tamen
303 1541 515 1586 facturum
550 1540 661 1600 quod
696 1541 852 1586 milites
883 1542 1039 1586 vellent
1070 1558 1116 1587 se
1146 1544 1318 1602 recepit,
1352 1543 1450 1588 Tul-

124 1605 311 1664 liumque
354 1612 531 1658 secreto,
570 1621 760 1664 quaenam
800 1606 891 1651 haeo
930 1622 998 1652 res
1035 1607 1091 1652 sit
1127 1612 1202 1652 aut
1238 1623 1321 1666 quo
1358 1612 1452 1653 acta

124 1685 253 1724 more,
282 1674 596 1729 percunctatur.
657 1670 820 1715 Tullius
850 1686 1004 1730 magno
1034 1687 1162 1730 opere
1190 1688 1215 1716 a
1244 1673 1485 1723 dictatore2

125 1732 281 1792 petere,
310 1751 364 1780 ne
393 1751 438 1780 se
468 1734 648 1779 oblitum
677 1734 908 1793 disciplinae
937 1735 1132 1780 militaris
1162 1752 1216 1781 ne
1247 1737 1314 1781 sui
1342 1752 1449 1782 neve

125 1800 404 1858 imperatoriae
424 1799 657 1857 majestatis
680 1799 871 1845 crederet
890 1816 899 1844 :
930 1800 1195 1845 multitudini
1215 1801 1448 1858 concstatae,

125 1880 218 1923 quae
245 1864 376 1909 ferme
404 1863 646 1909 auctoribus
678 1863 825 1909 similis
852 1868 979 1918 esset,
1001 1880 1087 1910 non
1115 1865 1375 1911 subtraxisse
1403 1882 1449 1913 se

124 1928 288 1982 ducem,
310 1944 364 1973 ne
395 1929 490 1985 quis
523 1927 643 1982 alius,
665 1929 809 1986 quales
836 1933 953 1973 mota
973 1944 1115 1974 creare
1135 1930 1364 1975 multitudo
1385 1946 1449 1976 so-

122 1993 242 2047 leret,
258 1994 495 2038 exsisteret.
558 1993 670 2038 Nam
693 2009 737 2038 se
759 1993 928 2051 quidem
947 1993 1053 2038 nihil
1071 2009 1157 2039 non
1177 1995 1350 2040 arbitrio
1370 1996 1448 2041 im-
1460 2008 1481 2044 3

123 2059 329 2115 peratoris
361 2065 554 2103 acturum
572 2077 582 2102 :
614 2057 675 2102 illi
696 2074 861 2116 quoque
882 2064 1025 2103 tamen
1046 2059 1270 2105 videndum
1291 2077 1445 2120 magno

123 2137 250 2181 opere
277 2139 370 2168 esse
395 2127 446 2168 ut
474 2123 707 2168 exercitum
738 2124 782 2168 in
812 2126 1026 2181 potestate
1055 2123 1254 2170 haberet:
1287 2125 1444 2172 differri

122 2203 210 2234 non
234 2203 358 2247 posse
385 2187 490 2233 adeo
516 2188 749 2234 concitatos
779 2189 965 2234 animos:
996 2188 1109 2247 ipsos
1130 2190 1211 2236 sibi
1236 2190 1375 2236 locum
1396 2207 1445 2237 ac

124 2254 292 2314 tempus
312 2252 530 2314 pugnandi
555 2258 815 2314 sumpturos,
835 2254 874 2301 si
898 2254 952 2302 ab
975 2253 1230 2316 imperatore
1255 2270 1342 2304 non
1371 2254 1442 2304 do-
