1649 2452
609 68 720 111 LIB.
751 67 802 110 X.
837 68 981 117 13,14.
1385 65 1464 108 615

145 123 347 165 A.c.29'1.]

145 167 371 223 peditiores
411 169 667 211 commeatus
710 168 852 210 csscnt
894 169 937 210 ct
976 163 1176 208 incertior
1214 162 1346 206 hostis
1383 178 1466 220 qua

144 235 370 276 venturum
408 230 563 276 bellum
599 232 722 284 foret,
760 229 916 275 Fabius
952 244 1028 288 per
1064 229 1271 272 Soranum
1306 227 1464 271 Decius

83 341 87 344 ,
144 311 220 354 per
260 295 488 340 Sidicinum
529 310 677 354 agmm
716 295 762 340 in
801 294 1021 339 Samnium
1059 293 1247 350 legiones
1288 291 1463 336 ducunt.

144 360 234 406 Ubi
252 360 297 405 in
315 360 500 405 hostium
523 360 625 405 fines
646 364 821 405 ventum
842 363 919 412 est,
940 363 1120 417 uterque
1142 355 1464 416 populabundus
1481 365 1504 402 3

145 426 278 471 effuso
314 426 478 484 agmine
513 425 681 470 incedit.
743 424 978 483 Explorant
1009 427 1154 468 tamen
1182 422 1309 466 latius
1340 430 1505 480 quam4

145 490 425 548 populantur}
471 490 603 548 igitur
637 505 723 534 non
756 489 943 534 fefellere
978 487 1032 533 ad
1066 487 1285 532 Tifernum
1321 486 1465 530 hostes

145 555 191 600 in
229 555 394 600 occulta
433 555 541 599 valle
579 555 791 610 instructi,
832 569 956 613 quam
996 554 1210 612 ingressos
1251 551 1466 596 Romanos

147 619 360 678 superiore
373 635 426 665 ex
440 619 532 665 loco
549 619 703 664 adoriri
718 618 934 677 parabant.
985 617 1141 663 Fabius
1157 615 1467 675 impedimentis
1484 623 1506 660 5

146 685 191 729 in
217 684 355 729 locum
382 688 525 728 tutum
554 684 727 729 remotis
756 683 1033 742 praesidioque
1060 682 1224 727 modico
1254 680 1466 740 imposito,

147 749 404 807 praemonitis
426 748 628 793 militibus
650 748 795 792 adesse
816 753 1041 801 certamen,
1066 747 1271 806 quadrato
1301 745 1467 804 agmine

149 813 202 858 ad
222 812 442 872 praedictas
470 813 655 857 hostium
682 812 863 857 latebras
886 812 1085 857 succedit.
1149 810 1358 856 Samnites
1380 809 1468 854 des·
1484 815 1508 854 6

148 882 295 935 perato
329 877 555 936 improviso
594 876 795 932 tumultu,
832 877 998 935 quando
1033 878 1078 921 in
1114 879 1307 935 apertum
1342 874 1469 920 semel

149 942 373 987 discrimen
393 957 569 987 evasura
589 947 701 986 esset
721 957 801 995 res,
820 946 863 986 et
883 942 966 1000 ipsi
987 941 1073 986 acie
1092 941 1210 999 justa
1229 939 1469 984 maluerunt

150 1021 422 1052 concurrere:
453 1007 597 1065 itaque
617 1010 662 1051 et
682 1006 727 1051 in
747 1022 913 1065 aequum
935 1005 1196 1051 descendunt
1218 1020 1266 1050 ac
1286 1004 1470 1049 fortunae

151 1087 197 1116 se
224 1071 380 1129 majore
409 1071 546 1116 animo
577 1086 702 1129 quam
730 1086 804 1129 spe
831 1071 1127 1116 committunt:
1161 1076 1362 1115 caeterum
1383 1069 1471 1113 sive

153 1136 251 1194 quia
269 1151 323 1181 ex
342 1136 530 1180 omnium
547 1136 799 1180 Samnitium
815 1135 981 1194 populis
998 1134 1292 1194 quodcumque
1308 1133 1470 1179 roboris

152 1201 292 1246 fuerat
318 1204 627 1254 contraxerant,
657 1216 732 1245 seu
760 1201 859 1259 quia
886 1200 1111 1245 discrimen
1138 1214 1311 1244 summae
1331 1214 1472 1243 rerum

153 1264 338 1324 angebat
359 1265 530 1318 animos,
553 1265 814 1324 aliquantum
842 1280 1008 1324 quoque
1033 1268 1180 1323 aperta
1199 1279 1343 1323 pugna
1368 1279 1473 1321 prae-

156 1331 338 1375 buerunt
366 1331 554 1375 terroris.
615 1330 783 1384 Fabius,
815 1330 891 1375 ubi
918 1329 1034 1375 nulla
1069 1345 1121 1375 ex
1151 1334 1273 1388 parte
1308 1330 1472 1373 hostem
1488 1331 1510 1376 7

154 1395 246 1441 loco
284 1396 442 1441 moveri
482 1395 602 1449 vidit,
641 1396 878 1441 Maximum
917 1396 1048 1440 filium
1089 1399 1132 1440 et
1172 1395 1236 1440 M.
1260 1395 1475 1440 Valerium

154 1460 348 1506 tribunos
380 1460 574 1514 militum,
613 1475 709 1505 cum
745 1461 897 1519 quibus
928 1459 982 1505 ad
1013 1460 1191 1517 primam
1221 1459 1352 1505 aciem
1382 1474 1475 1518 pro·

155 1529 356 1579 currerat,
379 1526 440 1570 ire
460 1525 514 1570 ad
533 1526 696 1584 equites
711 1525 836 1583 jubet
864 1530 907 1570 et
928 1524 1142 1570 adhortari
1168 1528 1230 1578 ut,
1254 1524 1290 1569 si
1310 1523 1477 1583 quando

155 1606 357 1649 umquam
384 1591 570 1649 equestri
599 1597 679 1648 'ope
707 1590 893 1647 adjutam
923 1605 1012 1635 rem
1042 1589 1253 1648 publicam
1280 1589 1478 1634 memine-

156 1656 256 1710 rint,
283 1655 353 1699 illo
384 1655 452 1700 die
481 1654 727 1699 adnitantur
755 1657 806 1699 ut
836 1654 994 1699 ordinis
1024 1655 1115 1712 ejus
1146 1653 1322 1712 gloriam
1349 1654 1479 1699 invic-

156 1725 244 1764 tam
280 1722 507 1778 praestent:
539 1718 731 1778 peditum
765 1719 994 1764 certamine
1023 1718 1280 1764 immobilem
1315 1717 1480 1764 hostem

157 1788 330 1838 restare,
353 1799 519 1829 omnem
539 1783 742 1843 reliquam
763 1799 881 1842 spem
909 1783 954 1828 in
973 1783 1136 1842 impetu
1156 1797 1248 1827 esse
1275 1782 1478 1841 equitum.

157 1849 217 1894 Et
233 1850 346 1908 ips&
363 1848 609 1894 nominatim
625 1848 955 1907 juvenes—pari
975 1847 1175 1893 comitate
1196 1850 1481 1906 utrumque—
1495 1856 1518 1893 8

158 1928 272 1960 nunc
292 1913 486 1959 laudibus
506 1929 619 1958 nunc
639 1913 855 1972 promissis
877 1917 1036 1958 onerat.
1087 1912 1299 1957 Oaeterum
1316 1911 1482 1971 quando

159 1995 213 2024 ne
234 1994 285 2024 ea
305 1994 471 2038 quoque
498 1982 707 2036 temptata
733 1979 797 2022 vis
825 1978 1061 2036 proficeret,
1090 1976 1263 2022 consilio
1290 1992 1484 2036 grassan-

161 2043 275 2096 dum,
305 2043 342 2088 si
367 2043 473 2088 nihil
499 2043 609 2087 vires
635 2043 846 2101 juvarent,
879 2048 997 2086 ratus
1030 2041 1267 2100 Scipionem
1298 2041 1487 2100 legatum

160 2107 354 2153 hastatos
374 2109 520 2166 primae
535 2107 712 2166 legionis
733 2106 981 2152 subtrahere
1001 2121 1054 2151 ex
1075 2106 1162 2151 acie
1182 2109 1227 2151 et
1247 2105 1302 2151 ad
1320 2109 1486 2150 montes

163 2173 377 2231 proximos
398 2188 524 2232 quam
545 2176 689 2230 posset
714 2171 997 2217 occultissime
1017 2171 1330 2216 circumducere
1344 2169 1484 2228 jubet,

165 2236 265 2285 inde
302 2252 482 2286 ascensu
519 2236 664 2285 abdito
704 2252 730 2284 a
768 2241 1001 2299 conspectu
1035 2236 1199 2298 erigere
1237 2235 1284 2285 in
1321 2237 1488 2288 montes
