1649 2452
211 88 289 126 532
424 91 469 129 Τ.
501 89 612 128 LIV.
644 89 788 129 HIST.
819 91 931 131 LIB.
964 94 1089 133 VIII.
1119 99 1186 145 39,
1204 99 1266 136 40.

1319 149 1377 189 [A.
1394 149 1431 182 c.
1448 150 1517 182 320·

208 195 288 241 bus
308 197 412 242 nihil
426 213 623 256 prospere
639 201 837 256 agerent:
867 198 1118 256 expiandum
1134 198 1177 242 id
1196 197 1351 243 bellum
1371 213 1522 256 magna

207 262 399 308 mercede
428 263 710 321 luendumque
746 278 865 307 esse:
902 263 946 307 id
977 263 1134 307 referre
1163 266 1342 315 tanturn,
1379 266 1523 306 utrum

208 327 412 384 supplicia
430 327 556 372 noxio
577 341 804 384 paucorum
825 342 879 371 an
899 328 1084 371 omnium
1111 327 1282 371 innoxio
1310 327 1524 384 praebeant

208 391 437 449 sanguine:
471 391 764 449 audebantque
779 395 868 448 jam
894 391 1063 449 quidam
1089 391 1304 435 nominare
1331 394 1523 435 auctores

172 463 430 500 Sarmorum.
492 456 638 500 Unum
668 457 848 500 maxime
878 471 1031 499 nomen
1060 471 1135 513 per
1165 470 1418 500 consensum
1446 457 1525 500 ela-

207 520 413 564 mantium
444 520 616 564 Brutuli
644 521 766 578 Papii
801 520 1127 564 exaudiebatur:
1169 520 1234 563 vir
1268 519 1418 564 nobilis
1453 534 1524 577 po-

206 588 384 643 tensque
413 589 515 639 erat,
543 584 658 628 haud
684 584 808 629 dubie
835 585 1119 642 proximarum
1149 583 1407 628 indutiarum
1426 599 1525 641 rup-

170 652 286 693 9tor.
348 649 415 693 De
446 664 495 693 eo
517 649 651 693 coacti
670 649 827 693 referre
847 655 1048 706 praetores
1078 648 1291 692 decretum
1319 647 1522 700 fecerunt,

204 718 255 758 ut
275 713 482 758 Brutulus
504 714 660 771 Papius
682 713 884 758 Romanis
907 712 1130 757 dederetur
1148 716 1300 756 etcum
1321 727 1370 756 eo
1386 713 1525 770 praeda

205 779 338 822 omnis
361 779 553 822 Romana
572 778 810 835 captivique
831 781 879 821 ut
900 777 1081 821 Romam
1107 777 1389 828 mitterentur,
1414 792 1525 834 quae-

206 858 287 901 que
307 858 374 886 res
397 858 468 900 per
484 842 647 887 fetiales
665 858 717 886 ex
737 841 894 886 foedere
909 841 1099 899 repetitae
1123 844 1276 894 essent,
1295 840 1521 885 secundum

146 917 194 954 10
199 910 272 965 jus
300 907 447 965 fasque
466 907 808 951 restituerentur.
870 906 1052 951 Fetiales
1081 906 1259 949 Romam
1280 908 1330 948 ut
1352 919 1525 949 censue-

205 975 306 1016 runt
333 972 451 1016 missi
471 976 514 1015 et
544 987 696 1028 corpus
717 971 889 1015 Brutuli
918 970 1133 1015 exanime:
1176 970 1265 1026 ipse
1297 973 1433 1013 morte
1452 983 1524 1013 vo-

205 1039 387 1083 luntaria
415 1039 655 1097 ignominiae
690 1054 735 1083 50
766 1053 814 1083 ac
844 1037 1048 1095 supplicio
1086 1036 1323 1081 subtraxit:
1365 1035 1524 1094 placuit

146 1110 189 1146 11
206 1119 301 1148 cum
332 1118 504 1161 corpore
531 1103 642 1147 bona
669 1118 835 1161 quoque
856 1105 948 1159 ejus
977 1101 1085 1145 dedi.
1147 1101 1267 1144 Nihil
1287 1104 1430 1144 tamen
1456 1115 1523 1144 ea-

205 1184 299 1212 rum
326 1184 465 1212 rerum
494 1171 647 1225 praeter
668 1168 855 1225 captivos
877 1182 925 1211 ac
947 1166 983 1210 si
1005 1181 1087 1224 qua
1114 1165 1285 1223 cognita
1311 1180 1364 1208 ex
1384 1163 1522 1222 praeda

207 1237 307 1277 sunt
328 1238 546 1291 acceptum
568 1236 645 1286 est,
669 1236 902 1277 ceterarum
930 1246 1071 1275 rerum
1101 1230 1222 1274 irrita
1241 1229 1323 1273 suit
1351 1227 1522 1274 deditio.

209 1297 406 1342 Dictator
427 1313 478 1342 ex
499 1303 670 1341 senatus
692 1295 883 1341 consulto
903 1294 1191 1352 triumphavit.

88 1360 194 1413 (40)
269 1364 364 1406 Hoc
395 1361 551 1406 bellum
581 1377 606 1405 a
636 1360 874 1406 consulibus
905 1359 1105 1404 bellatum
1135 1358 1300 1417 quidam
1331 1361 1523 1403 auctores

207 1430 307 1471 sunt
328 1442 482 1485 eosque
512 1426 563 1470 de
586 1425 841 1470 Samnitibus
869 1425 1167 1481 triumphasse,
1190 1423 1367 1467 Fabium
1397 1423 1523 1467 etiam

202 1492 247 1536 in
259 1491 455 1549 Apuliam
471 1490 725 1548 processisse
742 1493 868 1548 atque
889 1488 986 1533 inde
1003 1503 1174 1546 magnas
1191 1487 1352 1546 praedas
1366 1487 1521 1546 egisse:

201 1571 278 1601 nec
300 1555 508 1614 discrepat
531 1555 632 1613 quin
652 1554 834 1598 dictator
861 1569 911 1598 eo
933 1568 1040 1597 anno
1062 1555 1114 1597 A.
1134 1552 1354 1596 Cornelius
1375 1551 1522 1596 fuerit:

200 1621 244 1666 id
275 1621 513 1678 ambigitur,
545 1619 697 1664 belline
737 1618 909 1677 gerendi
941 1633 1067 1662 causa
1096 1621 1263 1661 creatus
1294 1616 1350 1661 sit
1381 1631 1433 1660 an
1473 1620 1524 1661 ut

201 1691 312 1730 esset
334 1686 406 1743 qui
432 1685 541 1729 ludis
564 1685 779 1737 Romanis,
804 1684 900 1741 quia
930 1682 981 1727 L.
1005 1682 1199 1726 Plautius
1220 1685 1375 1738 praetor
1405 1681 1524 1738 gravi

199 1750 344 1795 morbo
365 1751 475 1794 forte
494 1749 724 1807 implicitus
746 1752 848 1804 erat,
871 1747 1039 1805 signum
1069 1746 1285 1791 mittendis
1308 1745 1522 1804 quadrigis

200 1814 318 1859 daret
349 1816 605 1870 functusque
627 1829 675 1858 eo
706 1812 819 1857 haud
850 1828 948 1857 sane
969 1810 1228 1856 memorandi
1254 1810 1417 1868 imperii
1446 1811 1523 1854 mi-

163 1880 372 1926 2nisterio
394 1895 439 1924 se
460 1879 671 1924 dictatura
692 1878 916 1922 abdicaret.
979 1876 1073 1921 Nec
1101 1876 1222 1920 facile
1242 1878 1308 1919 est
1330 1881 1403 1918 aut
1433 1890 1521 1919 rem

198 1945 259 1988 rei
281 1950 353 1989 aut
375 1948 587 1989 auctorem
616 1943 778 1988 auctori
806 1942 1029 2000 praefcrre:
1062 1941 1251 1985 vitiatam
1279 1940 1522 1984 memoriam

198 2009 445 2053 funebribus
486 2007 680 2052 laudibus
721 2022 816 2051 1001·
857 2006 1057 2065 falsisque
1102 2005 1332 2063 imaginum
1372 2005 1523 2060 titulis,

199 2073 298 2117 dum
339 2073 495 2117 familia
535 2071 587 2116 ad
627 2087 672 2116 se
714 2087 889 2129 quaeque
930 2071 1081 2114 famam
1121 2085 1260 2114 rerum
1306 2072 1522 2126 gestarum

199 2137 488 2195 honorumque
519 2136 682 2181 fallenti
712 2135 927 2180 mendacio
958 2135 1160 2179 trahunt:
1206 2132 1303 2178 inde
1334 2136 1448 2178 certe
1478 2137 1522 2177 et

200 2202 460 2261 singulorum
481 2206 603 2260 gesta
623 2204 665 2245 et
687 2200 855 2258 publica
875 2202 1146 2244 monumenta
1165 2214 1305 2243 rerum
1326 2197 1520 2243 confusa:

199 2281 277 2311 nec
307 2266 528 2324 quisquam
556 2265 728 2322 aequalis
759 2263 1019 2323 temporibus
1050 2264 1131 2309 illis
1159 2263 1339 2323 scriptor
1365 2266 1518 2317 exstat,

202 2347 284 2392 quo
305 2332 408 2377 satis
428 2335 544 2376 certo
567 2334 737 2375 auctore
759 2334 908 2374 stetur.
