1649 2452
191 89 269 130 604
503 92 550 131 T.
582 89 732 140 L1v11
762 89 1184 131 HISTORIARUM
1301 145 1348 175 ΓΑ
1377 144 1403 175 c
1431 142 1491 177 300

188 183 343 228 sensim
370 184 562 230 incedere
588 184 735 243 jubet:
767 185 942 231 Etrusci
971 189 1119 231 contra
1147 185 1350 243 principio
1377 185 1506 230 exciti

188 261 341 305 pugnae
363 249 556 293 omnibus
585 250 716 307 copiis
744 249 943 294 aderant:
976 253 1019 294 et
1040 265 1166 307 super
1187 249 1288 294 alios
1310 249 1380 293 alii
1398 264 1506 293 nun-

187 311 296 355 tiant
328 311 535 367 dictatori,
567 328 710 358 omnes
745 313 930 371 legiones
963 313 1241 358 Etruseorum
1276 313 1505 371 capessisse

188 390 372 433 pugnam
401 391 477 420 uec
502 377 587 434 jam
611 376 663 421 ab
691 377 778 421 suis
799 378 941 422 resisti
964 393 1100 434 posse,
1122 382 1165 422 et
1185 378 1276 435 ipse
1297 377 1430 422 ceruit
1450 392 1506 421 ex

189 440 403 496 superiore
434 440 536 494 loco,
565 441 610 484 in
640 445 798 498 quanto
829 441 1066 486 discrimine
1096 440 1335 499 praesidium
1365 444 1503 485 esset:

190 509 389 548 eaeterum
425 504 527 548 satis
561 505 696 550 fretus
730 520 821 550 esse
853 505 980 550 etiam
1019 521 1132 550 nunc
1165 503 1382 549 tolerando
1417 519 1506 550 cer-

189 568 338 611 tamim'
359 567 542 626 legatum
571 584 649 613 nec
677 585 721 613 se
742 569 889 625 procul
920 569 1065 614 abesse
1092 569 1266 627 periculi
1287 568 1505 623 vindicem,

192 646 315 689 quam
336 632 516 676 maxime
536 633 628 677 vult
649 633 819 691 fatigari
839 633 1006 677 hostem
1025 637 1075 677 ut
1095 633 1272 691 integris
1293 633 1506 677 adoriatur

156 697 348 741 3viribus
370 698 515 742 fessos.
570 699 835 757 Quamquam
856 699 970 743 lente
990 699 1239 757 procedunt,
1254 702 1345 756 jam
1363 702 1506 743 tamen

190 760 242 805 ad
266 761 469 818 impetum
498 762 943 821 capiundum—equiti
970 763 1387 821 utique—modicum
1413 766 1507 807 erat

189 825 398 882 spatium:
441 826 575 883 prima
613 826 862 872 incedebant
904 827 1023 885 signa
1063 827 1276 886 legionum
1315 842 1369 872 ne
1403 825 1506 884 quid

189 889 400 933 occultum
423 895 496 934 aut
517 891 779 948 repentinum
809 891 943 936 hostis
971 893 1153 945 timeret,
1178 891 1252 936 sed
1279 891 1506 949 reliquerat

188 952 408 998 intervalla
439 955 549 998 inter
577 955 743 1000 ordines
774 955 974 1013 peditum,
1003 971 1086 1014 qua
1113 955 1214 1000 satis
1243 955 1338 1000 laxo
1368 955 1506 1013 spatio

153 1026 177 1062 4
190 1018 287 1075 equi
309 1018 498 1075 permitti
519 1024 705 1076 possent.
757 1020 923 1064 Pariter
943 1020 1116 1064 sustulit
1137 1020 1357 1064 clamorem
1379 1019 1504 1072 acies»,

188 1085 232 1126 et
263 1082 440 1127 emissus
469 1098 597 1140 eques
624 1083 756 1128 libero
785 1099 912 1128 cursu
938 1084 982 1128 in
1008 1084 1175 1129 hostem
1203 1084 1416 1129 invehitur
1444 1085 1505 1128 in-

188 1147 515 1205 compositisque
551 1147 750 1193 adversus
786 1152 1027 1207 equestrem
1063 1148 1287 1207 procellam
1317 1147 1506 1193 subitmn

151 1218 173 1254 5
189 1225 385 1267 pavorem
427 1211 620 1255 offundit.
682 1212 835 1270 Itaque
876 1219 926 1257 ut
961 1228 1091 1271 prope
1129 1228 1270 1257 serum
1304 1212 1505 1257 auxilium

180 1277 271 1331 jam
297 1290 414 1332 paene
443 1276 750 1330 circumventis,
773 1277 834 1321 ita
863 1277 1060 1321 universa
1089 1277 1255 1334 requies
1283 1276 1382 1322 data
1412 1281 1504 1322 est:

186 1339 340 1397 integri
361 1355 556 1397 accepere
583 1356 768 1398 pugnam
795 1356 872 1385 nec
900 1357 949 1385 ea
974 1342 1067 1400 ipsa
1093 1341 1219 1400 longa
1249 1345 1323 1386 aut
1351 1356 1504 1400 anceps

187 1403 293 1448 fuit:
335 1404 421 1449 fusi
450 1405 593 1449 hostes
630 1410 769 1449 castra
799 1410 998 1463 repetunt
1028 1405 1390 1464 inferentibusque
1415 1406 1504 1464 jam

187 1469 308 1527 signa
327 1469 529 1514 Romanis
557 1470 712 1514 cedunt
733 1474 776 1514 ct
797 1471 842 1515 in
867 1471 1059 1515 ultimam
1087 1475 1328 1516 castrorum
1342 1475 1507 1529 partem

186 1534 515 1592 conglobantur:
547 1534 708 1579 haerent
730 1535 942 1593 fugientes
970 1536 1016 1580 in
1036 1536 1245 1595 angustiis
1272 1539 1504 1594 portarum,

185 1613 282 1655 pars
313 1613 465 1656 magna
495 1614 691 1657 aggerem
722 1599 957 1658 vallumque
994 1599 1251 1653 conscendit,
1281 1600 1318 1644 si
1348 1603 1423 1644 aut
1453 1615 1507 1644 ex

187 1663 399 1720 superiore
427 1663 518 1708 loeo
545 1664 657 1708 tueri
684 1679 729 1708 se
761 1669 834 1708 aut
862 1680 1059 1723 superare
1090 1665 1229 1723 aliqua
1257 1668 1300 1709 et
1329 1663 1506 1709 evadere

186 1731 353 1784 posset:
395 1727 505 1772 forte
537 1727 716 1786 quodam
746 1728 836 1773 loco
867 1729 973 1774 male
1009 1729 1210 1774 densatus
1241 1744 1371 1788 agger
1400 1743 1504 1787 pon-

186 1790 284 1836 dere
325 1793 657 1850 superstantium
705 1793 749 1836 in
789 1794 943 1838 fossam
992 1793 1217 1852 procubuit
1266 1798 1395 1853 atque
1441 1808 1502 1846 ea,

187 1870 315 1913 quum
348 1855 448 1901 deos
480 1856 663 1914 pandere
699 1857 808 1901 viam
840 1858 952 1916 fugae
988 1858 1333 1913 conclamassent,
1365 1857 1504 1915 plures

150 1929 172 1965 6
187 1920 364 1965 inermes
386 1936 510 1979 quam
531 1921 680 1965 armati
709 1921 905 1966 evadunt.
971 1923 1069 1967 Hoc
1090 1922 1235 1980 proelio
1262 1922 1406 1966 fractae
1426 1921 1505 1966 ite-

186 1999 280 2027 rum
319 1985 598 2030 Etruscorum
634 1986 756 2039 vires,
792 1990 835 2030 et
875 1990 998 2044 pacto
1040 2002 1178 2031 annuo
1214 1985 1423 2044 stipendio
1459 1989 1503 2031 et

187 2047 315 2092 duum
354 2050 560 2094 mensium
597 2050 808 2095 frumento
844 2051 1093 2109 permissum
1130 2050 1182 2095 ab
1215 2050 1420 2096 dictatore
1455 2054 1506 2095 ut

151 2112 237 2158 7de
273 2128 373 2170 pace
409 2114 571 2173 legatos
607 2115 826 2160 mitterent
864 2115 1056 2160 Romam.
1116 2115 1208 2160 Pax
1242 2120 1408 2174 negata,
1441 2115 1504 2160 in-

186 2176 318 2222 duciae
358 2177 515 2224 biennii
555 2179 675 2224 datae.
737 2180 934 2225 Dictator
973 2179 1237 2237 triumphans
1273 2179 1319 2224 in
1357 2179 1506 2225 urbem

149 2250 173 2289 8
187 2240 323 2288 rediit.
384 2243 536 2290 Habeo
572 2247 765 2290 auctores
805 2244 896 2290 sine
935 2243 1021 2291 ullo
1061 2243 1319 2292 memorabili
1358 2243 1506 2303 proelio
