1649 2452
527 85 642 126 LIB.
676 86 746 125 VI.
769 87 834 133 35,
852 87 919 125 36.
1291 88 1368 125 413

44 139 141 225 auti·
159 139 424 229 {libilientem
455 183 500 229 in
529 184 689 229 dilectu
730 198 854 242 quam
893 181 938 226 in
977 179 1160 226 comitiis
1201 180 1367 238 plebem

44 244 238 299 habuere,
271 247 517 306 ingentique
548 248 818 292 contentione
855 246 1047 291 exercitu
1082 245 1240 302 scripto
1272 261 1367 302 pro-

44 311 143 354 fecti
165 325 249 354 nou
269 311 320 356 ab
341 312 524 357 Tusculo
553 311 678 356 modo
699 311 947 356 submovere
974 311 1139 354 hostem
1160 308 1234 353 sed
1255 309 1366 354 intra

43 382 206 419 suamet
228 376 363 433 ipsum
387 377 537 421 moenia
568 375 821 433 compulere,
843 373 1224 432 obsidebanturque
1252 374 1365 418 haud

42 439 165 496 paulo
186 440 227 483 vi
248 441 402 498 majore
426 441 598 485 Velitrae
629 456 752 499 quam
781 439 1009 484 Tusculum
1037 437 1254 483 obsessum
1275 438 1363 483 fue·

41 510 116 547 rat.
181 504 273 548 Nec
293 510 434 549 tamen
456 505 508 550 ab
536 505 608 559 eis,
631 520 656 548 a
677 504 829 562 quibus
851 503 1033 548 obsideri
1060 507 1207 560 coeptae
1228 507 1360 557 erant,
1375 513 1398 550 2

39 569 271 626 expugnari
303 575 509 626 potuere:
541 574 638 613 ante
667 569 765 613 novi
799 568 928 612 creati
956 571 1056 612 sunt
1076 567 1237 612 tribuni
1258 567 1360 612 mili-

39 636 127 676 tum
172 633 224 680 Q.
257 633 456 677 Servilius
499 633 546 678 C.
571 633 775 678 Veturius
817 634 868 676 A.
900 635 943 677 et
983 631 1047 676 M.
1078 631 1261 676 Cornelii
1303 631 1357 680 Q.

39 697 267 744 Quinctius
300 698 361 742 M.
386 697 554 742 Fabius.
618 696 737 741 Nihil
758 712 810 740 ne
839 696 890 740 ab
917 696 968 740 iis
990 694 1157 754 quidem
1177 695 1358 740 tribunis
1374 706 1397 742 3

37 760 89 804 ad
116 761 295 805 Velitras
325 761 590 806 memorabile
622 762 794 805 factum.
858 761 912 804 In
940 763 1100 816 majore
1122 759 1399 807 discrimine4

37 824 149 869 dorni
172 841 237 870 res
261 825 544 870 vertebantur.
607 825 720 869 Nam
743 828 896 882 praeter
918 824 1108 868 Sextium
1130 824 1360 869 Licinium-

37 905 118 948 que
139 890 293 934 latores
315 890 454 948 legum
470 893 559 946 jam
588 894 783 934 octavum
805 889 997 933 tribunos
1026 887 1157 946 plebis
1178 888 1358 933 refectos

38 953 192 998 Fabius
214 970 379 1013 quoque
400 954 595 998 tribunus
617 953 795 998 militum
820 953 1005 997 Stolonis
1027 967 1158 1006 socer,
1182 968 1358 1010 quarum

36 1018 175 1075 legum
199 1024 347 1063 auctor
376 1019 526 1071 fuerat,
551 1033 693 1063 earum
723 1032 938 1061 suasorem
966 1032 1011 1061 se
1039 1016 1152 1061 haud
1183 1016 1358 1062 dubium

35 1082 221 1127 ferebat:
264 1089 307 1127 et
342 1098 470 1141 quum
508 1089 605 1128 octo
646 1098 698 1127 ex
731 1081 906 1140 collegio
947 1081 1212 1126 tribunorum
1247 1081 1357 1140 plebi

36 1147 170 1205 primo
198 1148 496 1192 intercessores
524 1147 663 1206 legum
686 1147 878 1198 fuissent,
903 1146 1087 1204 quinque
1117 1145 1194 1190 soli
1221 1152 1354 1200 erant,

35 1220 91 1265 et,
115 1217 162 1256 ut
184 1212 313 1257 ferme
344 1212 479 1256 solent
501 1212 573 1270 qui
601 1227 626 1255 a
657 1211 744 1256 suis
774 1210 1025 1263 desciscunt,
1049 1211 1162 1269 capti
1192 1215 1237 1255 et
1267 1215 1357 1256 stu-

38 1285 182 1334 pentes
210 1277 336 1320 animi
365 1276 536 1321 vocibus
565 1276 710 1321 alienis
741 1275 784 1319 id
813 1274 937 1319 modo
968 1274 1081 1333 quod
1109 1275 1222 1319 domi
1251 1290 1357 1332 prae-

34 1347 204 1399 ceptum
226 1346 316 1386 erat
338 1341 627 1386 intercessioni
647 1356 733 1385 suae
763 1339 1092 1398 praetendebant,
1116 1339 1291 1384 Velitris
1311 1341 1356 1384 in

35 1407 222 1450 exercitu
263 1405 394 1463 plebis
430 1421 623 1464 magnam
659 1412 820 1462 partem
857 1404 1014 1458 abesse,
1047 1405 1093 1448 in
1128 1403 1355 1449 adventum

34 1471 212 1514 militum
242 1470 410 1514 comitia
439 1469 598 1514 differri
628 1469 792 1522 debere,
822 1472 872 1513 ut
902 1469 1099 1513 universa
1128 1468 1272 1526 plebes
1303 1469 1354 1514 de

34 1535 121 1578 suis
149 1534 376 1578 commodis
399 1534 645 1593 suffragium
670 1533 814 1578 ferret.
878 1533 1048 1578 Sextius
1079 1533 1391 1593 Liciniusque5

33 1615 126 1644 cum
151 1604 269 1657 parte
291 1599 541 1658 collegarum
564 1604 608 1644 et
628 1614 713 1643 uno
734 1614 787 1644 ex
806 1598 988 1643 tribunis
1004 1598 1186 1643 militum
1207 1599 1350 1653 Fabio,

33 1665 212 1708 artifices
227 1666 315 1721 jam
348 1669 414 1707 tot
442 1679 642 1708 annorum
666 1679 749 1708 usu
777 1663 989 1707 tractandi
1017 1663 1177 1708 animos
1206 1663 1351 1721 plebis,

35 1729 234 1785 primores
276 1735 442 1786 patrum
487 1727 713 1786 productos
743 1727 1041 1786 interrogando
1083 1727 1134 1772 de
1175 1727 1353 1786 singulis

32 1809 124 1851 quae
165 1792 408 1837 ferebantur
455 1792 507 1836 ad
547 1792 749 1850 populum
790 1791 1051 1850 fatigabant:
1096 1791 1353 1837 auderentne

32 1857 244 1914 postulare
271 1861 333 1910 ut,
357 1873 485 1916 quum
508 1856 607 1901 bina
621 1859 774 1915 jugera
802 1856 893 1914 agri
913 1855 1025 1914 plebi
1052 1855 1349 1909 dividerentur,

32 1921 132 1978 ipsis
166 1921 259 1977 plus
293 1921 522 1979 quingenta
553 1923 707 1979 jugera
741 1919 893 1964 habere
931 1919 1090 1970 liceret,
1117 1924 1168 1964 ut
1197 1920 1353 1979 singuli

32 2000 159 2043 prope
194 1990 478 2030 trecentorum
521 1986 673 2030 civium
716 1984 979 2043 possiderent
1019 1999 1156 2043 agros,
1190 1984 1352 2043 plebeio

31 2048 188 2094 homini
210 2050 280 2094 vix
301 2049 353 2094 ad
374 2055 535 2094 tectum
561 2050 843 2095 necessarium
869 2053 943 2093 aut
962 2048 1099 2094 locum
1122 2049 1351 2108 sepulturae

31 2128 134 2158 suus
169 2118 334 2173 pateret
365 2115 501 2173 ager?
542 2130 596 2159 an
625 2115 809 2173 placeret
850 2114 994 2158 fenore
1023 2113 1351 2159 circumventam

33 2176 206 2234 plebem,
227 2179 272 2223 ni
293 2179 435 2237 potius
458 2194 583 2235 quam
606 2183 720 2224 sorte
743 2177 948 2223 creditum
969 2177 1117 2233 solvat,
1135 2193 1286 2237 corpus
1306 2179 1351 2224 in

36 2256 209 2287 nervum
230 2258 279 2288 ac
308 2243 514 2303 supplicia
543 2245 641 2289 dare
669 2250 712 2288 et
743 2243 949 2302 gregatim
972 2243 1159 2303 quotidie
1179 2243 1231 2289 de
1258 2244 1350 2288 foro
