1649 2452
259 77 339 116 426
586 75 631 116 T.
653 74 804 116 LIVII
835 74 1258 116 HISTORIARUM
1376 128 1434 168 [A.
1450 126 1487 160 c.
1505 126 1576 161 361·

259 168 396 226 batur,
417 184 570 216 nomen
598 170 874 215 histrionibus
905 171 1099 227 inditum,
1129 171 1201 228 qui
1226 185 1312 214 non
1342 170 1452 215 sieut
1481 172 1578 214 ante

259 233 518 279 Fescennino
543 250 670 279 versu
697 235 873 279 similem
893 234 1219 292 incompositum
1245 237 1405 279 temere
1436 249 1484 278 ac
1511 250 1580 278 ru-

261 296 355 343 dem
383 299 553 344 alternis
575 299 804 357 jaeiebant‚
827 298 901 344 sed
927 299 1120 358 impletas
1152 298 1286 344 modis
1318 303 1483 344 saturas
1513 297 1580 343 de-

262 364 419 421 scripto
435 365 523 421 jam
538 362 590 407 ad
611 363 822 408 tibicinem
849 367 978 409 cantu
997 367 1199 423 motuque
1221 363 1471 423 congruenti
1491 378 1581 421 per-

225 430 247 472 7
262 427 455 486 agebant.
536 426 684 473 Livius
725 429 822 484 post
863 426 1022 487 aliquot
1063 428 1197 485 annis,
1230 428 1303 487 qui
1343 427 1394 473 ab
1425 427 1582 473 saturis

261 508 388 537 ausus
410 495 475 538 est
502 493 661 551 primus
684 496 933 551 argumento
964 492 1150 538 fabulam
1177 508 1327 548 serere,
1344 492 1452 537 idem
1476 491 1584 537 scili-

262 556 432 602 cet—id
473 557 585 615 quod
633 572 777 601 omnes
817 560 910 601 tum
952 560 1305 602 erant—suorum
1353 557 1584 602 carminum

262 624 391 675 actor,
411 621 577 674 dicitur,
596 636 728 679 quum
749 618 901 679 saepius
922 625 1144 666 revocatus
1164 637 1310 667 vocem
1331 620 1581 675 obtudisset,

261 686 383 730 venia
403 686 537 744 petita
565 702 744 743 puerum
765 685 818 730 ad
840 685 1076 730 canendum
1099 690 1198 731 ante
1218 685 1432 731 tibicinem
1453 702 1585 744 quum

262 750 494 803 statuisset,
538 749 748 795 canticum
796 751 933 809 egisse
975 751 1190 809 aliquanto
1239 750 1374 808 magis
1414 750 1586 808 vigente

225 818 248 855 8
261 818 392 868 motu,
410 815 507 872 quia
526 814 630 859 nihil
643 815 756 860 vocis
777 831 881 860 usus
897 815 1164 873 impediebat.
1219 813 1327 860 Inde
1343 814 1397 859 ad
1415 830 1586 859 manum

262 880 423 924 cantari
452 878 728 925 histrionibus
760 882 945 938 coeptum
978 880 1247 938 diverbiaque
1277 883 1447 924 tantum
1477 879 1586 938 ipso-

225 949 357 989 9rum
386 944 480 989 voci
519 944 679 989 relicta.
741 943 975 1003 Postquam
1015 945 1108 1003 lege
1147 945 1227 989 hae
1267 943 1503 989 fabularum
1534 943 1587 989 ab

262 1009 352 1054 risu
387 1025 435 1054 ac
470 1009 609 1054 soluto
635 1009 731 1068 joco
761 1025 830 1054 res
864 1009 1119 1054 avocabatur
1149 1013 1192 1054 et
1223 1009 1347 1054 ludus
1377 1009 1423 1054 in
1453 1012 1588 1053 artem

264 1073 465 1132 paulatim
487 1077 684 1128 verterat,
699 1074 902 1132 juventus
923 1074 1200 1119 histrionibus
1221 1073 1468 1118 fabellarum
1489 1077 1589 1118 actu

263 1138 410 1183 relicto
437 1139 530 1197 ipsa
549 1138 660 1184 inter
687 1154 732 1183 se
762 1154 878 1183 more
900 1139 1073 1197 antiquo
1104 1138 1283 1183 ridicula
1311 1139 1476 1183 intexta
1496 1154 1589 1183 ver-

265 1202 380 1248 sibus
402 1203 603 1262 jactitare
634 1203 772 1261 coepit,
801 1203 917 1248 unde
946 1207 1094 1248 exorta
1115 1220 1207 1262 quae
1235 1203 1384 1248 exodia
1412 1207 1509 1261 post
1540 1219 1590 1248 ea

266 1268 473 1326 appellata
512 1272 842 1327 conservataque
882 1267 1044 1313 fabellis
1080 1268 1346 1326 potissimum
1382 1267 1590 1312 Atellanis

205 1337 253 1374 10
266 1336 377 1377 sunt.
442 1333 564 1387 Quod
592 1349 726 1392 genus
754 1333 951 1378 ludorum
973 1333 1024 1377 ab
1053 1333 1175 1378 Oscis
1205 1336 1423 1391 acceptum
1450 1333 1591 1377 tenuit

259 1400 465 1456 juventus
493 1414 571 1442 nec
593 1398 643 1443 ab
664 1398 942 1443 histrionibus
974 1398 1103 1456 pollui
1126 1414 1249 1456 passa
1269 1402 1359 1442 est:
1392 1413 1441 1442 eo
1471 1397 1592 1442 insti-

265 1466 408 1507 tutum
437 1467 580 1507 manet
607 1466 657 1507 ut
689 1465 853 1507 actores
881 1462 1173 1507 Atellanarum
1202 1478 1280 1507 nee
1308 1462 1426 1508 tribu
1452 1478 1592 1507 move-

267 1531 393 1572 antur
433 1530 477 1572 et
525 1526 738 1585 stipendia
776 1530 992 1586 tamquam
1041 1531 1236 1586 expertes
1278 1527 1381 1572 artis
1421 1527 1592 1573 ludicrae

207 1595 251 1632 11
267 1591 436 1637 faciant.
498 1592 619 1636 Inter
650 1592 824 1636 aliarum
847 1608 975 1650 parva
1005 1592 1210 1651 principia
1229 1608 1370 1637 rerum
1398 1591 1594 1637 ludorum

269 1671 436 1715 quoque
476 1657 610 1715 prima
649 1657 767 1716 origo
808 1656 1002 1715 ponenda
1034 1658 1124 1701 visa
1160 1661 1238 1707 est,
1273 1661 1322 1702 ut
1359 1660 1591 1715 appareret,

269 1737 395 1779 quam
429 1721 481 1766 ab
513 1737 613 1767 sano
644 1721 766 1766 initio
796 1738 864 1767 res
895 1723 940 1767 in
969 1722 1077 1768 hanc
1108 1723 1180 1768 vix
1209 1721 1420 1781 opulentis
1452 1722 1594 1781 regnis

271 1787 531 1832 tolerabilem
552 1787 755 1831 insaniam
777 1787 954 1832 venerit.

188 1850 259 1903 (3)
338 1851 431 1897 Nee
451 1855 595 1896 tamen
614 1851 808 1896 ludorum
837 1852 1018 1910 primum
1038 1851 1207 1897 initium
1236 1851 1510 1910 procurandis
1530 1867 1595 1898 re—

273 1916 497 1975 ligionibus
520 1916 664 1961 datum
686 1921 759 1961 aut
781 1917 982 1976 religione
1008 1918 1167 1962 animos
1189 1921 1263 1961 aut
1286 1933 1461 1975 corpora
1488 1933 1595 1963 mor-

273 1981 336 2026 bis
367 1981 546 2026 levavit:
580 1982 682 2039 quin
710 1981 850 2037 etiam,
871 1998 1002 2040 quum
1031 1981 1188 2027 medios
1220 1981 1330 2027 forte
1362 1982 1484 2027 ludos
1516 1983 1596 2028 cir-

273 2061 347 2091 cus
368 2045 509 2091 Tiberi
534 2047 757 2104 superfuso
785 2047 985 2105 irrigatus
1013 2046 1270 2105 impedisset,
1294 2047 1337 2091 id
1358 2063 1458 2092 vero
1479 2047 1596 2092 velut

274 2111 431 2156 aversis
461 2115 551 2169 J’am
585 2111 663 2156 diis
701 2111 1106 2170 aspernantibusque
1143 2112 1373 2169 placamina
1406 2112 1477 2158 irae
1511 2116 1596 2157 ter-

237 2184 411 2222 21·ore1n
441 2176 655 2235 ingentem
696 2175 811 2222 fecit.
875 2176 1025 2235 Itaque
1058 2175 1107 2221 C.
1132 2177 1319 2222 Genucio
1350 2176 1402 2222 L.
1425 2176 1596 2222 AEmilio

274 2241 490 2289 Mamerco
530 2241 686 2288 iterum
721 2238 963 2289 consulibus
1001 2257 1130 2303 quum
1169 2241 1428 2302 piaculorum
1462 2241 1596 2303 magis
