1649 2452
319 92 348 119 κ
741 69 846 110 ARG
853 66 998 108 UMEN
1006 63 1086 104 TA.

315 162 476 206 questus
501 162 571 202 est,
595 159 634 194 in
661 157 798 205 quibus
821 157 923 192 inter
950 163 1084 190 causas
1111 148 1269 198 petendi
1297 145 1526 185 successoris

314 211 401 244 erat
429 207 532 254 quod
561 206 708 253 agellus
736 205 818 251 ejus
846 217 869 240 a
897 199 1168 238 mercennariis
1199 198 1377 254 desertus
1408 200 1522 232 aeset.

316 255 516 300 Quaerente
546 254 685 291 deinde
713 254 868 289 fortuna
896 255 941 286 ut
968 250 1385 303 magnum-utriusque
1416 255 1526 299 casus

315 304 533 350 exemplum
550 303 589 338 in
607 302 753 348 Regulo
778 299 1016 347 proderetur,
1041 299 1222 332 arcesslto
1244 306 1268 330 a
1285 292 1525 346 Carthagini·

315 351 469 387 ensibus
485 351 660 397 Xanthip
692 362 713 384 o
735 347 1109 384 Lacedaemoniorum
1131 342 1228 379 duce
1244 341 1369 397 vietus
1389 339 1526 395 prgeho

315 403 356 434 et
372 403 511 445 captus
528 403 600 435 est.
711 410 730 433 s
752 394 891 432 deinde
914 406 938 430 a
960 392 1121 429 ducibus
1145 389 1329 427 Romanis
1350 386 1527 443 ommbus

314 451 419 483 terra
439 446 613 493 marique
636 455 820 492 prospere
843 446 973 489 gestas
995 439 1305 476 deformaverunt
1328 435 1527 519 nauh-afui.

313 494 502 532 classium,
565 493 624 530 Ti.
654 492 914 529 Coruncanius
945 489 1095 536 primus
1127 498 1175 523 ex
1207 484 1320 532 plebe
1380 487 1462 520 ont1
1478 494 1526 518 ex

312 542 506 578 maximus
523 545 676 578 creatus
697 543 769 576 est.
822 538 864 575 P.
883 535 1131 584 Sempronius
1153 533 1306 580 Sophus
1373 531 1394 568 ’.
1411 530 1526 587 Vale-

313 590 391 626 rius
407 589 602 626 Maximus
619 599 796 626 censores
812 598 930 634 quum
944 587 1121 621 senatum
1137 582 1323 630 legerent,
1339 578 1525 617 tredecim

312 641 450 674 senatu
477 640 690 678 moverunt,
716 635 880 672 lustrum
906 631 1173 674 condiderunt,
1199 640 1275 676 quo
1300 639 1414 664 censa
1437 629 1528 663 sunt
1597 671 1608 679 .

313 685 451 721 civium
480 684 612 732 capita
641 683 809 719 ducenta
824 694 922 719 nona
955 681 1036 716 'nta
1063 682 1214 726 septem
1238 676 1359 713 millia
1358 678 1527 760 ἔξω·

311 736 430 780 genta
457 732 668 777 nonaginta
697 734 859 777 septem.
969 728 1082 776 gulus
1108 726 1247 782 missus
1274 736 1299 760 a
1326 722 1356 761 C
1448 734 1528 770 agi·

312 779 504 816 niensibus
527 779 576 815 ad
600 783 778 815 senatum
803 782 846 815 ut
870 777 919 814 de
940 788 1037 824 pace
1059 778 1111 819 et,
1135 786 1168 810 Sl
1189 784 1273 810 eam
1296 783 1375 827 nou
1397 773 1529 826 posset

311 827 530 874 impetrare,
558 826 607 863 de
631 826 916 863 commutandis
938 824 1100 871 captivis
1124 823 1269 869 ageret,
1297 823 1338 875 et
1360 830 1447 866 Jure
1467 829 1527 865 Ju-

312 875 433 910 rando
462 873 671 910 adstrictus
697 872 911 909 rediturum
938 885 979 908 se
1003 870 1276 912 Carthaginem
1301 880 1334 903 ει
1359 877 1527 903 commu·

311 922 386 958 tari
411 922 584 967 captivos
607 931 684 956 non
707 917 931 966 placuisset,
960 922 1167 964 utrumque
1195 917 1363 964 negandi
1393 926 1524 952 auctor

312 970 463 1006 senatui
489 969 571 1008 fuit,
594 972 634 1003 et
651 978 770 1014 quum
795 966 870 1002 fide
887 965 1082 1001 custodita
1106 977 1278 1001 reversus
1303 968 1417 1010 esset,
1437 975 1525 1011 sup·

313 1018 426 1065 plicio
443 1028 467 1053 a
483 1014 864 1062 Carthaginiensibus
881 1013 929 1049 de
947 1024 991 1049 eo
1009 1017 1164 1060 sumpto
1181 1013 1309 1061 periit.

787 1140 894 1180 LIB.
922 1139 1035 1180 XIX.

363 1226 566 1265 CAECILIUS
599 1224 779 1262 Metellus
811 1224 926 1262 rebus
958 1224 1140 1261 adversus
1173 1223 1315 1262 Poenos
1375 1234 1530 1272 rospere

315 1276 436 1322 gestis
453 1275 666 1322 speciosum
685 1274 765 1320 egit
781 1273 1023 1320 triumphum
1046 1273 1232 1309 tredecim
1257 1273 1345 1309 duci
1373 1285 1420 1309 us
1444 1273 1530 1309 hos-

316 1324 414 1359 tium
432 1328 472 1359 et
489 1327 644 1358 centum
662 1321 798 1368 viginti
816 1321 1032 1368 elephantis
1048 1321 1086 1356 in
1104 1332 1150 1357 eo
1167 1320 1307 1358 ductis.
1347 1320 1532 1358 claudius

316 1371 482 1408 Pulcher
511 1370 641 1406 consul
671 1373 805 1406 contra
837 1368 1008 1416 auspicia
1040 1369 1235 1416 profectus
1262 1369 1379 1416 jussit
1409 1368 1531 1416 mergi

314 1419 440 1467 pullos
466 1419 531 1467 qui
557 1418 675 1454 cibari
699 1417 902 1454 nolebant:
930 1416 1132 1454 infeliciter
1155 1416 1338 1455 adversus
1366 1416 1529 1454 Cartha-

315 1467 507 1514 ginienses
529 1466 649 1503 classe
674 1466 873 1514 pugnavit,
897 1469 938 1502 et
959 1469 1158 1501 revocatus
1181 1477 1204 1501 a
1228 1470 1366 1502 senatu
1387 1464 1532 1512 jussus-

316 1527 391 1562 que
427 1514 656 1551 dictatorem
689 1514 816 1550 dicere
849 1513 1053 1551 Claudium
1087 1512 1250 1550 Gliciam
1285 1513 1386 1550 dixit
1417 1513 1532 1549 sortis

316 1563 460 1599 ultimae
492 1562 698 1605 hominem,
731 1562 797 1608 qui
830 1564 985 1598 coactus
1017 1560 1196 1598 abdicare
1229 1573 1270 1598 se
1302 1561 1532 1608 magistratu

317 1615 406 1658 post
430 1622 475 1647 ea
498 1610 610 1646 ludos
633 1613 887 1657 praetextatus
916 1609 1116 1656 spectavit.
1166 1609 1309 1646 Atilius
1334 1608 1534 1648 Calatinus

319 1659 467 1706 primus
492 1657 659 1695 dictator
683 1662 794 1694 extra
820 1657 974 1694 Italiam
1004 1657 1215 1694 exercitum
1245 1656 1368 1694 duxit.
1419 1656 1533 1694 Com-

319 1707 484 1742 mutatio
507 1706 747 1753 captivorum
772 1717 859 1742 cum
883 1705 1015 1742 Poenis
1035 1705 1140 1742 facta
1164 1709 1235 1743 est.
1289 1703 1452 1743 Coloniae
1470 1704 1534 1741 de-

321 1755 447 1790 duetae
486 1758 577 1790 sunt
618 1753 808 1800 Fregenae,
841 1754 880 1790 in
919 1766 1012 1801 agro
1047 1753 1243 1790 Salentino
1275 1752 1533 1790 Brundisium.

321 1803 502 1838 Lustrum
527 1815 550 1838 a
572 1802 790 1838 censoribus
813 1802 1010 1838 conditum
1036 1805 1116 1838 est:
1143 1813 1257 1838 censa
1280 1806 1372 1839 sunt
1395 1801 1532 1838 civium

323 1851 452 1897 capita
469 1850 635 1886 ducenta
653 1851 931 1897 quinquaginta
948 1861 1066 1885 unum
1085 1849 1203 1885 millia
1216 1849 1382 1886 ducenta
1399 1850 1534 1896 viginti

324 1899 409 1934 duo.
461 1898 622 1936 Claudia
644 1911 751 1934 soror
774 1899 814 1934 P.
834 1898 996 1942 Claudii,
1021 1898 1086 1945 qui
1106 1899 1340 1944 contemptis
1356 1898 1536 1944 auspiciis

323 1947 421 1982 male
446 1950 698 1993 pugnaverat,
727 1958 751 1982 a
774 1946 875 1982 ludis
897 1950 1092 1983 revertens
1114 1957 1231 1992 quum
1255 1947 1370 1982 turba
1389 1957 1536 1993 preme·

323 1999 440 2035 retur.
458 1994 558 2030 dixit
577 1998 604 2013 “
619 1994 777 2031 Utinam
795 1995 915 2030 frater
927 2006 1035 2030 meus
1053 1995 1196 2030 viveret
1206 1994 1422 2041 iterumque
1439 1993 1536 2030 clas·

323 2055 404 2079 sem
421 2043 619 2080 duceret.”
665 2042 723 2080 Ob
740 2054 826 2079 eam
842 2054 998 2079 causam
1014 2042 1139 2078 multa
1154 2042 1186 2078 ei
1206 2041 1312 2079 dicta
1328 2047 1398 2080 απ.
1451 2041 1538 2078 Duo

325 2095 509 2127 oraetores
537 2094 621 2127 tum
648 2091 816 2137 primum
845 2091 966 2128 creati
994 2094 1098 2128 sunt.
1163 2089 1335 2127 Caecilius
1358 2089 1538 2127 Metellus

326 2139 497 2195 pontifex
528 2139 723 2176 maximus
755 2140 805 2176 A.
841 2138 1081 2176 Postumium
1114 2138 1320 2183 consulem,
1356 2139 1537 2187 quoniam

326 2186 429 2226 idem
446 2190 486 2226 et
501 2186 640 2225 flamen
659 2186 851 2225 Martialis
873 2191 970 2236 erat,
991 2198 1109 2237 quum
1125 2187 1158 2225 is
1176 2186 1227 2226 ad
1244 2186 1387 2225 bollum
1401 2198 1537 2237 geren-
