1649 2452
555 95 664 135 LIB.
695 97 794 136 vll.
827 100 888 144 19,
907 99 969 138 20.
1342 99 1422 138 447

103 149 201 251 aug
218 147 429 237 {iilfinem
463 191 747 237 Tusculanum
782 192 1019 245 habentem,
1050 193 1290 237 revocatum
1325 191 1422 234 inde

103 260 275 302 senatus
295 255 542 301 dictatorem
572 255 709 302 dicere
727 258 880 315 jussit:
912 256 960 302 T.
982 255 1191 301 Manlium
1217 255 1269 300 L.
1292 254 1422 299 filium

103 321 222 366 dixit.
284 322 342 373 Is,
365 335 496 378 quum
516 319 595 365 sibi
623 321 875 380 magistrum
896 321 1085 380 equitum
1106 321 1158 364 A.
1182 319 1422 364 Cornelium
1443 324 1489 360 12

105 386 285 430 Cossum
311 384 500 438 dixisset,
533 384 742 430 consulari
772 386 962 431 exercitu
990 388 1215 430 contentus
1246 399 1300 428 ex
1329 398 1424 427 aue·

101 449 276 494 toritate
304 451 473 506 patrum
504 463 552 493 ac
581 449 726 507 populi
751 450 875 507 jussu
905 447 1129 495 Caeritibus
1165 448 1318 493 bellum
1358 446 1422 491 in-

101 513 221 558 dixit.
281 513 390 557 Tum
421 513 602 571 primum
633 513 821 569 Caerites,
852 519 1066 572 tamquam
1090 512 1135 558 in
1162 511 1298 557 verbis
1325 511 1418 556 hos·
1438 513 1544 563 (20)

100 578 207 622 tium
236 577 300 622 vis
327 579 461 634 major
490 577 543 622 ad
571 577 728 622 bellum
758 576 1078 637 significandum
1108 592 1232 636 quam
1260 576 1304 620 in
1332 576 1420 620 suis

100 639 355 700 sactis—qui
391 656 466 700 per
500 642 814 700 populationem
844 643 1060 688 Romanos
1095 641 1424 686 lacessierant—

99 710 226 760 esset,
248 721 373 751 verus
402 706 500 751 belli
525 710 663 751 terror
691 706 858 760 invasit,
889 710 944 760 et,
979 721 1104 766 quam
1134 720 1221 750 non
1251 718 1423 750 suarum

99 776 252 821 virium
283 789 334 821 ea
362 775 573 821 dimicatio
601 781 726 833 esset,
748 777 974 822 cernebant
1005 775 1318 835 poenitebatque
1349 791 1424 834 po-

99 840 332 899 pulationis
372 844 417 885 et
457 840 780 899 Tarquinienses
816 840 1143 886 exsecrabantur
1177 839 1423 885 defectionis

101 909 324 950 auctores:
355 920 433 949 nec
453 920 568 949 arma
588 909 662 950 aut
682 904 838 950 bellum
867 907 1090 964 quisquam
1121 920 1322 963 apparare
1350 905 1425 950 sed

101 984 179 1027 pro
200 984 246 1014 se
267 969 443 1028 quisque
463 969 625 1028 legatos
646 968 760 1014 mitti
776 969 951 1028 jubebat
980 969 1033 1014 ad
1060 969 1284 1028 petendam
1311 985 1424 1014 erro—

100 1034 158 1079 ris
177 1034 354 1078 veniam.
416 1033 572 1093 Legati
599 1039 793 1079 senatum
823 1049 953 1093 quum
979 1034 1176 1087 adissent,
1199 1033 1252 1079 ab
1273 1037 1425 1079 senatu
1441 1041 1464 1078 2

99 1098 247 1156 rejecti
268 1097 322 1142 ad
342 1099 543 1156 populum
565 1098 664 1143 deos
685 1103 953 1157 rogaverunt,
976 1113 1153 1157 quorum
1178 1114 1296 1143 sacra
1314 1098 1423 1143 bello

100 1162 262 1207 Gallico
283 1166 455 1221 accepta
474 1163 555 1207 rite
576 1164 885 1221 procurassent,
907 1167 958 1207 ut
990 1163 1203 1207 Romanos
1225 1163 1423 1208 florentes

101 1240 152 1271 ea
170 1227 239 1272 sui
257 1226 542 1272 misericordia
561 1230 744 1286 caperet,
768 1243 860 1286 quae
882 1243 927 1272 se
947 1227 1074 1272 rebus
1096 1227 1272 1272 adfectis
1295 1243 1424 1286 quon-

100 1290 197 1336 dam
232 1291 379 1350 populi
413 1292 595 1337 Romani
629 1293 821 1350 cepisset,
855 1291 1128 1350 conversique
1164 1291 1217 1336 ad
1252 1291 1425 1337 delubra

102 1355 248 1401 Vestae
276 1356 507 1414 hospitium
536 1357 752 1401 flaminum
781 1356 1104 1415 Vestaliumque
1136 1356 1187 1400 ab
1223 1372 1268 1401 se
1308 1362 1423 1402 caste

101 1434 151 1465 ac
176 1420 372 1479 religiose
399 1422 560 1466 cultum
590 1421 868 1467 invocabant:
900 1437 1002 1466 eane
1030 1421 1203 1465 meritos
1235 1421 1424 1466 crederet

101 1484 324 1543 quisquam
344 1485 489 1531 hostes
516 1490 689 1544 repente
710 1485 799 1531 sine
828 1500 955 1530 causa
974 1485 1124 1537 factos,
1147 1489 1234 1538 aut,
1260 1487 1295 1530 si
1324 1485 1425 1544 quid

101 1549 313 1594 hostiliter
332 1550 544 1605 fecissent,
566 1550 740 1595 consilio
759 1550 804 1595 id
824 1550 959 1609 magis
977 1564 1101 1609 quam
1122 1549 1265 1594 furore
1285 1549 1424 1608 lapsos

102 1613 266 1666 fecisse,
285 1617 336 1658 ut
362 1629 440 1659 sua
459 1619 603 1660 vetera
628 1614 1024 1660 beneficia—locata
1050 1614 1283 1672 praesertim
1312 1613 1425 1672 apud

102 1681 191 1723 tam
222 1679 546 1737 gratos—novis
582 1683 898 1737 corrumperent
932 1678 1145 1723 maleficiis
1185 1679 1425 1723 florentem-

103 1758 185 1800 que
212 1743 415 1801 populum
443 1744 681 1788 Romanum
710 1759 758 1788 ac
788 1743 1075 1788 felicissimum
1105 1742 1214 1787 bello
1242 1741 1322 1787 sibi
1354 1742 1424 1787 de-

103 1810 319 1852 sumerent
349 1808 529 1862 hostem,
561 1811 683 1864 cujus
719 1807 879 1853 adflicti
919 1807 1144 1852 amicitiam
1183 1807 1423 1864 petissent?

102 1871 175 1916 Ne
206 1872 463 1931 appellarent
493 1873 724 1925 consilium,
748 1888 840 1930 quae
861 1871 925 1916 vis
953 1887 1002 1917 ac
1028 1872 1257 1917 necessitas
1287 1873 1424 1930 appel-
1445 1878 1468 1915 3

25 1977 31 1987 ,
101 1935 228 1981 landa
241 1941 378 1982 esset:
411 1942 679 1982 transeuntes
698 1937 862 2009 agmine
878 1937 1031 1981 infesto
1047 1952 1121 1995 per
1137 1951 1284 1996 agrum
1300 1952 1424 1982 suum

25 2001 31 2028 '⁴
102 2000 438 2060 Tarquinienses,
465 2017 595 2060 quum
625 2011 778 2060 praeter
804 2002 914 2045 viam
941 2001 1045 2046 nihil
1065 2001 1285 2072 petissent,
1308 2003 1422 2046 trax-

104 2065 189 2110 isse
228 2065 431 2124 quosdam
478 2066 707 2125 agrestium
754 2065 1034 2124 populationis
1074 2065 1165 2124 ejus
1212 2080 1304 2124 quae
1344 2065 1424 2110 sibi

106 2129 268 2174 crimini
307 2129 434 2175 detur
462 2131 666 2176 comites:
708 2145 780 2176 eos
816 2146 892 2175 seu
931 2128 1028 2174 dedi
1065 2128 1239 2188 placeat,
1272 2128 1424 2175 dedere

106 2205 155 2237 se
190 2198 359 2252 paratos
389 2208 494 2251 oese,
524 2211 600 2240 seu
630 2194 836 2255 supplicio
876 2193 1009 2248 adfici,
1042 2192 1214 2239 daturos
1253 2209 1422 2253 poenas:

109 2256 241 2332 We,
271 2260 499 2325 sacrarium
532 2260 678 2335 populi
709 2259 890 2319 Romani
919 2258 1205 2311 deversorium
1235 2259 1425 2310 sacerdo·
