1649 2452
578 94 691 133 LIB.
722 93 796 133 vl.
829 95 863 140 1,
884 95 920 132 2.
1333 93 1408 136 371

93 147 297 187 messa]

93 189 328 234 defectione
346 187 597 233 Latinorum
616 187 997 245 Hernicorumque,
1018 185 1092 244 qui
1110 187 1209 244 post
1228 199 1414 244 pugnam

92 253 147 299 ad
183 253 322 298 laeum
360 252 575 311 Regillum
607 252 765 297 factam
798 267 873 310 per
907 264 1038 295 annos
1074 264 1205 308 prope
1244 253 1416 295 centum

91 332 320 376 numquam
359 316 555 375 ambigua
587 315 669 361 fide
702 317 749 361 in
787 315 1012 360 amicitiam
1050 314 1196 372 populi
1234 314 1418 359 Romani

92 383 273 428 fuerant.
334 381 501 440 Itaque,
524 396 655 439 quum
675 381 786 425 tanti
812 379 998 438 undique
1028 382 1212 423 terrores
1240 379 1416 424 circum-
1434 382 1457 419 3

93 450 256 492 starent
290 450 594 504 appareretque
629 445 826 490 omnibus
866 459 952 489 non
991 443 1088 488 odio
1130 443 1264 488 solum
1305 443 1418 501 apud

92 513 237 558 hostes
257 512 333 557 sed
352 515 600 570 contemptu
619 512 748 556 etiam
775 511 888 556 inter
914 510 1051 555 socios
1078 523 1232 554 nomen
1259 509 1417 554 Roma-

92 593 196 623 num
229 576 429 632 laborare,
465 576 624 635 placuit
660 575 850 634 eJusdem
885 574 1082 632 auspiciis
1120 572 1288 619 defendi
1327 588 1417 618 rem

93 643 302 702 publicam
323 642 443 700 cujus
463 645 712 700 recuperata
734 646 859 694 esset,
886 640 1218 697 dictatoremque
1247 638 1331 683 dici
1349 638 1415 683 M.

93 707 270 752 Furium
305 705 540 751 Camillum.
601 705 648 750 Is
684 705 868 750 dictator
907 704 956 749 C.
981 704 1204 748 Servilium
1238 702 1416 747 Ahalam
1432 712 1457 749 4

0 825 1 831 ἵ
93 773 343 831 magistrum
374 771 565 829 equitum
596 771 717 823 dixit,
740 770 995 828 justitioque
1024 767 1185 814 indicto
1216 767 1417 813 dilectum

92 837 307 895 juniorum
326 835 475 880 habuit
494 836 556 879 ita
582 839 633 879 ut
660 835 845 880 seniores
874 849 1054 893 quoque,
1078 833 1231 892 quibus
1261 831 1418 891 ahquid

95 902 257 947 roboris
297 907 550 960 superesset,
586 901 632 945 in
665 900 794 946 verba
829 915 906 946 sua
940 900 1106 958 juratos
1145 899 1417 944 centuriaret.

95 967 342 1012 Exercitum
371 966 659 1024 conscriptum
689 968 980 1024 armatumque
1010 963 1217 1009 trifariam
1248 963 1415 1008 divisit:
1433 971 1457 1008 5

95 1036 257 1092 partem
287 1045 414 1075 unam
443 1031 488 1074 in
518 1045 620 1088 agro
649 1029 831 1075 Veiente
860 1029 1045 1076 Etruriae
1075 1028 1285 1087 opposuit,
1316 1028 1417 1073 alte-

95 1112 186 1142 ram
220 1099 319 1140 ante
347 1095 496 1140 urbem
526 1098 665 1140 eastra
693 1094 831 1140 locare
857 1094 1010 1152 jussit:
1042 1093 1204 1139 tribuni
1237 1092 1420 1137 militum

94 1162 161 1206 his
181 1162 234 1206 A.
256 1159 457 1215 Manlius,
478 1159 559 1204 illis
580 1159 653 1217 qui
679 1159 880 1204 adversus
907 1158 1112 1204 Etruscos
1140 1157 1421 1203 mittebantur

95 1226 148 1272 L.
169 1224 366 1270 AEmilius
400 1224 677 1283 praepositus:
708 1224 879 1269 tertiam
908 1226 1072 1281 partem
1105 1223 1196 1281 ipse
1231 1222 1284 1267 ad
1312 1222 1420 1267 Vul-

97 1305 191 1336 scos
211 1289 334 1334 duxit
360 1304 438 1334 nec
465 1288 613 1347 procul
640 1303 666 1333 a
690 1287 998 1333 Lanuvio—ad
1024 1287 1213 1333 Mecium
1237 1287 1274 1332 is
1301 1287 1418 1332 locus

97 1355 452 1401 dieitur—castra
490 1368 735 1412 oppugnare
775 1357 842 1398 est
888 1352 1074 1398 adortus.
1157 1351 1326 1401 Quibus
1367 1351 1418 1397 ab
1435 1357 1458 1395 6

97 1422 356 1478 contemptu,
390 1417 503 1477 quod
537 1433 667 1477 prope
702 1433 868 1464 omnem
904 1417 1084 1462 deletam
1114 1433 1139 1462 a
1169 1417 1299 1462 Gallis
1331 1417 1420 1461 Ro·

97 1500 261 1530 manam
279 1485 548 1542 juventutem
575 1482 807 1537 crederent,
830 1482 885 1527 ad
912 1481 1069 1528 bellum
1097 1482 1299 1540 profectis
1326 1490 1421 1526 tan-

98 1554 192 1595 tum
223 1549 424 1594 Camillus
460 1547 630 1593 auditus
660 1548 890 1606 imperator
918 1548 1093 1593 terroris
1123 1547 1338 1602 intulerat,
1370 1549 1420 1591 ut

98 1614 207 1660 vallo
237 1629 283 1659 se
312 1613 394 1671 ipsi
426 1612 582 1657 vallum
617 1613 830 1672 congestis
867 1611 1085 1658 arboribus
1123 1612 1333 1670 saepirent‚
1366 1625 1420 1656 ne

99 1694 184 1738 qua
216 1679 373 1723 intrare
411 1677 463 1721 ad
495 1677 757 1722 munimenta
794 1677 930 1722 hostis
964 1680 1121 1736 posset.
1184 1676 1309 1731 Quod
1346 1675 1451 1723 ubi
1437 1681 1460 1698 ”’

101 1743 397 1789 animadvertit
429 1741 645 1794 Camillus,
665 1741 806 1800 ignem
833 1742 879 1787 in
905 1741 1113 1799 objectam
1141 1755 1294 1799 saepem
1322 1755 1422 1787 con-

97 1808 172 1868 jici
202 1807 343 1866 jussit.
404 1806 464 1851 Et
498 1806 611 1851 forte
645 1810 737 1851 erat
770 1806 835 1851 vis
869 1821 1023 1866 magna
1060 1806 1178 1851 venti
1216 1820 1339 1851 versa
1376 1805 1422 1851 in
1438 1812 1462 1850 8

99 1872 289 1917 hostem:
320 1872 464 1930 itaque
493 1885 579 1916 non
608 1871 774 1928 aperuit
804 1870 940 1916 solum
969 1871 1162 1916 incendio
1190 1870 1314 1925 viam,
1347 1869 1424 1916 sed

99 1937 277 1982 fiammis
311 1935 356 1981 in
391 1939 530 1981 castra
563 1935 835 1980 tendentibus
869 1949 1025 1994 vapore
1059 1935 1186 1980 etiam
1221 1949 1270 1981 ac
1304 1935 1423 1980 fumo

99 2002 350 2061 crepituque
390 2001 534 2045 viridis
567 2000 754 2045 materiae
788 1999 1006 2058 flagrantis
1041 2000 1103 2045 ita
1136 2000 1423 2046 consternavit

100 2067 258 2120 hostes,
290 2070 340 2111 ut
370 2065 506 2110 minor
535 2065 666 2110 moles
696 2064 993 2123 superantibus
1022 2064 1178 2110 vallum
1210 2065 1256 2110 in
1284 2063 1454 2110 castra<

100 2131 355 2176 Vulscorum
386 2130 588 2175 Romanis
615 2129 744 2174 fuerit
773 2145 898 2188 quam
927 2129 1321 2176 transcendentibus
1349 2143 1423 2175 sae-

101 2209 197 2254 pem
227 2195 421 2241 incendio
451 2194 717 2254 absumptam
746 2194 899 2240 fuerat.
960 2194 1085 2240 Fusis
1115 2193 1309 2240 hostibus
1344 2207 1421 2240 cae-
1439 2205 1461 2240 9

28 2275 30 2277 ·
104 2261 246 2322 sisque
280 2276 412 2323 quum
440 2265 581 2310 eastra
608 2260 773 2323 impetu
792 2259 983 2320 cepisset
1014 2259 1207 2313 dictator,
1239 2257 1458 2318 praedam
