1649 2452
221 135 302 173 634
531 133 574 173 Τ.
608 131 754 174 L1v11
789 129 1204 172 HISTORIARUM

217 229 260 272 vi
286 228 388 273 fines
413 227 596 272 hostium
626 227 942 286 depopulentur,
970 228 1179 274 scribunt:
1211 185 1528 289 hujusmbgfflg:

216 291 344 336 tionis
379 291 489 336 fama
518 292 721 337 Etruscos
751 307 804 337 ex
834 308 934 352 agro
967 293 1184 339 Sentinate
1214 293 1266 339 ad
1298 309 1399 339 suos
1430 294 1530 339 fines

177 355 396 400 4tuendos
437 356 579 400 movit.
643 357 809 401 Instare
849 357 945 403 inde
985 358 1176 403 eonsules
1207 362 1256 402 ut
1287 359 1528 404 absentibus

217 419 282 464 his
304 424 585 478 pugnaretur:
618 435 692 478 per
719 420 892 465 biduum
920 421 1138 466 lacessiere
1169 422 1314 480 proelio
1342 422 1529 468 hostem:

217 483 343 529 biduo
378 484 480 528 nihil
515 484 689 544 dignum
720 484 837 530 dictu
877 490 1030 540 aetum,
1063 486 1185 544 pauci
1219 486 1431 544 utrimque
1466 503 1534 532 ce-

217 549 353 595 cidere
374 550 590 608 magisque
617 550 772 595 irritati
792 554 892 595 sunt
922 551 974 596 ad
989 555 1153 609 justum
1177 555 1388 596 certamen
1410 552 1534 597 animi

218 629 341 672 quam
373 614 424 658 ad
455 613 678 659 discrimen
708 629 870 659 summa
898 631 1039 660 rerum
1070 614 1274 660 adducta:
1308 616 1532 661 tertioldie

177 684 200 721 5
219 677 463 723 descensum
491 678 536 722 in
563 693 752 736 eampum
782 678 976 724 omnibus
1004 680 1133 738 copiis
1165 683 1242 724 est.
1303 680 1441 733 Quum
1472 680 1534 724 in-

218 745 391 787 struetae
412 742 520 787 acies
553 746 726 796 starent,
750 758 873 788 cerva
899 743 1066 802 fugiens
1097 743 1242 802 lupum
1273 759 1295 788 e
1324 744 1536 789 montibus

218 810 365 852 exacta
394 821 468 863 per
499 822 666 864 campos
698 807 807 851 inter
838 807 940 851 duas
973 807 1081 852 acies
1122 807 1318 861 decurrit,
1352 808 1448 852 inde
1478 807 1538 852 di-

217 886 348 915 versae
378 871 477 915 serae
518 885 640 916 cerva
679 871 732 916 ad
764 871 903 916 Gallos
944 871 1067 930 lupus
1109 871 1162 916 ad
1203 872 1416 916 Romanos
1447 887 1540 917 cur-

218 951 310 980 sum
332 935 526 979 deflexit:
568 935 667 994 lupo
697 934 795 979 data
821 935 932 980 inter
956 935 1122 980 ordines
1144 935 1222 990 via,
1246 951 1410 981 cervam
1433 935 1540 981 Galli

218 1000 449 1044 confixere:
482 1003 571 1044 tum
604 1015 657 1044 cx
687 999 972 1058 antesignanis
1000 1001 1218 1045 Romanus
1246 999 1365 1045 miles
1397 999 1541 1045 “Illae

218 1063 346 1122 fuga’'
379 1064 516 1121 inquit
548 1066 628 1108 “et
659 1063 792 1108 caedes
826 1065 968 1115 vertit,
999 1064 1073 1109 ubi
1108 1080 1268 1109 sacram
1304 1065 1451 1110 Dianae
1483 1063 1540 1109 fe·

217 1144 305 1172 ram
341 1130 551 1186 jacentem
584 1127 761 1172 videtis:
794 1127 891 1173 hinc
925 1129 1060 1173 victor
1099 1129 1284 1173 Martius
1324 1128 1450 1187 lupus
1480 1129 1540 1173 in-

218 1197 337 1251 teger
358 1197 400 1237 et
422 1193 605 1236 intactus
635 1192 774 1249 gentis
795 1208 870 1236 nos
892 1193 1060 1236 Martiae
1082 1197 1125 1237 et
1147 1193 1374 1238 conditoris
1400 1192 1536 1237 nostri

179 1262 201 1299 6
220 1257 473 1301 admonuit?
537 1257 700 1301 Dextro
722 1272 852 1301 eoruu
875 1257 994 1310 Galli,
1014 1257 1188 1302 sinistro
1211 1257 1420 1302 Samnites
1443 1272 1541 1301 con-

220 1321 446 1366 stiterunt:
480 1320 679 1365 adversus
703 1321 911 1365 Samnites
934 1321 987 1369 Q.
1011 1321 1166 1366 Fabius
1190 1322 1364 1380 primam
1387 1336 1434 1366 ac
1455 1325 1540 1366 ter-

219 1386 321 1430 tiam
357 1385 562 1444 legionem
594 1401 670 1444 pro
702 1385 850 1430 dextro
882 1401 1024 1439 cornu,
1059 1385 1258 1430 adversus
1291 1385 1432 1430 Gallos
1464 1400 1539 1444 pro

220 1451 390 1495 sinistro
419 1449 576 1494 Decius
609 1450 796 1507 quintam
829 1453 872 1494 et
903 1455 1065 1494 sextam
1097 1450 1324 1494 instruxit:
1357 1449 1541 1494 secunda

221 1519 263 1560 et
285 1518 434 1573 quarta
454 1530 549 1559 curn
570 1514 621 1558 L.
645 1513 871 1558 Volumnio
894 1513 1140 1572 proconsule
1168 1514 1212 1558 in
1234 1514 1403 1558 Samnio
1424 1529 1542 1573 gere-

182 1585 202 1625 7
221 1580 292 1625 bat
320 1579 486 1624 bellum.
550 1579 692 1623 Primo
721 1593 928 1623 concursu
955 1578 1057 1623 adeo
1086 1579 1216 1636 aequis
1237 1578 1396 1623 viribus
1418 1582 1541 1637 gesta

221 1660 287 1689 res
309 1648 374 1689 est
399 1647 460 1697 ut,
491 1643 525 1688 si
555 1643 787 1688 adfuissent
814 1643 987 1688 Etrusci
1015 1647 1057 1687 et
1086 1643 1251 1698 Umbri,
1279 1647 1353 1688 aut
1384 1643 1427 1687 in
1457 1642 1544 1687 acie

223 1712 297 1753 aut
331 1709 376 1753 in
410 1708 571 1761 eastris,
605 1722 867 1766 quocumque
903 1723 947 1752 se
983 1707 1266 1761 inclinassent,
1305 1706 1545 1766 accipienda

105 1775 210 1826 (28)
226 1773 361 1819 clades
398 1772 538 1817 fuerit.
602 1773 814 1816 Caeterum
851 1787 1097 1831 quamquam
1137 1773 1371 1817 communis
1408 1771 1544 1816 adhue

225 1839 342 1882 Mars
370 1836 467 1881 belli
498 1839 588 1881 erat
619 1836 796 1881 necdum
825 1835 1047 1881 discrimen
1075 1836 1246 1880 fortuna
1274 1836 1430 1881 fecerat
1461 1852 1543 1894 qua

224 1902 373 1947 datura
393 1902 501 1945 vires
524 1906 647 1955 esset,
676 1901 991 1959 luuulquaquam
1010 1901 1155 1945 similis
1173 1917 1313 1959 pugna
1331 1902 1372 1944 in
1394 1900 1543 1944 dextro

184 1966 409 2025 2laevoquc
446 1981 575 2011 cornu
611 1973 713 2010 crat.
775 1965 957 2010 Romani
994 1965 1104 2023 apud
1141 1965 1314 2009 Fabium
1347 1965 1543 2009 arcebant

223 2031 356 2089 magis
398 2046 520 2089 quam
563 2030 796 2075 inserebant
838 2045 1018 2088 pugnam
1069 2029 1454 2088 extrahebaturque
1498 2029 1540 2073 in

224 2112 346 2155 quam
383 2096 559 2140 maxime
591 2111 727 2140 serum
761 2095 842 2139 diei
880 2098 1103 2147 certamen,
1142 2094 1240 2152 quia
1274 2093 1334 2138 ita
1375 2109 1544 2151 persua·

225 2177 317 2206 sum
353 2165 443 2205 crat
479 2160 587 2214 duci,
625 2164 668 2205 et
705 2160 913 2205 Samnites
951 2162 993 2203 et
1030 2158 1170 2203 Gallos
1207 2158 1341 2217 primo
1382 2158 1543 2216 impetu

225 2225 384 2270 seroces
424 2240 529 2278 esse,
567 2239 671 2282 quos
706 2224 906 2269 sustineri
941 2222 1043 2267 satis
1080 2222 1148 2277 sit,
1184 2221 1372 2279 longiore
1408 2226 1543 2267 certa·

226 2292 336 2340 mine
357 2289 507 2336 sensim
531 2288 712 2335 residere
734 2288 982 2335 Samnitium
1012 2285 1183 2344 animos,
1206 2285 1421 2332 Gallorum
1452 2285 1545 2349 qui-
