1649 2452
569 95 680 134 LIB.
713 92 790 135 IX.
825 94 969 140 16,17.
1364 92 1444 132 555

114 146 332 248 Jssr‘ijossiig
365 188 464 248 quia
492 188 582 247 ipsc
612 190 760 234 invicti
789 189 842 233 ad
877 188 1059 233 laborem
1092 186 1277 243 corporis
1311 191 1436 239 essct,

113 254 247 300 fuisse
275 253 469 299 militiam
498 253 631 311 pediti
660 255 819 312 pariter
845 252 1087 312 equitique:
1119 250 1284 308 equites
1314 251 1442 295 etiam

114 318 337 376 aliquando
359 333 483 363 ausos
505 317 557 362 ab
577 333 628 363 eo
648 322 793 377 petere
823 321 874 362 ut
901 316 983 362 sibi
1009 330 1086 373 pro
1112 330 1159 359 re
1188 314 1295 359 bene
1322 319 1443 373 gesta

115 381 280 428 laxaret
307 382 466 440 aliquid
490 381 659 438 laboris,
682 382 834 441 quibus
861 381 930 426 ille
953 385 980 404 “
995 380 1065 425 Ne
1092 378 1196 423 nihil
1222 379 1444 424 remissum

115 445 282 500 dicatis,
301 447 503 492 remitto''
525 446 664 505 inquit
689 451 781 491 “ne
801 447 950 504 utique
972 444 1144 490 dorsum
1171 442 1442 488 demulceatis

115 526 246 569 quum
280 526 334 556 ex
369 510 488 569 equis
524 510 831 556 descendetis.'’
892 511 951 555 Et
980 509 1044 554 vis
1075 511 1166 553 erat
1200 509 1245 552 in
1273 522 1324 552 eo
1352 507 1442 552 viro
1462 510 1507 549 11

114 575 281 633 imperii
309 575 459 634 ingens
486 576 645 632 pariter
671 576 716 621 in
742 576 876 621 socios
905 575 1124 632 civesque:
1156 572 1443 617 Praenestinus

115 643 274 696 praetor
303 655 379 698 per
405 640 599 685 timorem
630 640 800 699 segnius
829 655 882 684 ex
909 637 1107 683 subsidiis
1136 652 1235 682 suos
1266 637 1444 682 duxerat

112 703 157 748 in
187 704 365 762 primam
392 704 547 749 aciem:
581 719 705 762 quem
734 719 863 762 quum
890 702 1152 748 inambulans
1181 705 1279 746 ante
1305 701 1445 746 taber-

112 768 309 813 naculum
329 769 470 814 vocari
486 769 698 826 jussisset,
718 769 910 813 lictorem
931 767 1128 825 expedire
1149 781 1339 812 securem
1353 769 1444 824 jus-

112 832 190 877 sit:
224 833 278 877 ad
308 848 431 891 quam
457 848 600 878 vocem
629 833 810 878 exanimi
838 837 978 877 stante
1006 832 1269 876 Praenestino
1293 832 1445 888 “Age-

112 896 226 950 dum,
249 897 384 950 lictor,
408 897 553 943 excide
572 897 751 943 radicem
781 897 918 942 hanc''
940 897 1079 955 inquit
1102 895 1445 940 “incommodam

113 960 467 1017 ambulantibus‚’'
483 963 784 1020 perfusumque
801 962 940 1006 ultimi
960 960 1155 1019 supplicii
1174 963 1292 1004 metu
1311 960 1446 1004 multa

114 1024 230 1070 dicta
250 1025 422 1070 dimisit.
484 1026 616 1071 Haud
643 1026 770 1071 dubie
797 1026 869 1070 illa
896 1030 1034 1079 aetate,
1059 1039 1143 1084 qua
1166 1024 1284 1069 nulla
1310 1026 1444 1069 virtu-
1463 1030 1512 1067 12

113 1092 207 1134 tum
227 1090 404 1134 feracior
423 1090 520 1142 fuit,
541 1106 664 1136 nemo
684 1106 795 1135 unus
816 1094 906 1135 erat
928 1090 1004 1143 vir,
1029 1104 1113 1148 quo
1140 1089 1274 1148 magis
1301 1089 1445 1133 innixa

114 1169 184 1198 res
211 1153 406 1199 Romana
431 1158 590 1200 staret:
623 1157 726 1214 quin
752 1171 848 1200 eum
878 1170 1022 1213 parem
1050 1154 1264 1199 destinant
1296 1154 1444 1198 animis

112 1233 266 1275 magno
301 1219 544 1265 Alexandro
580 1219 743 1277 ducem,
773 1221 810 1265 si
846 1235 960 1265 arma
994 1219 1097 1264 Asia
1131 1218 1367 1278 perdomita
1399 1219 1444 1263 in

115 1282 331 1341 Europam
351 1284 562 1329 vertisset.

172 1347 292 1392 Nihil
311 1348 452 1393 minus
473 1349 698 1408 quaesitum
719 1365 745 1394 a
763 1349 967 1408 principio
989 1348 1116 1405 hujus
1145 1348 1282 1406 operis
1309 1347 1443 1393 videri
1460 1351 1556 1402 (17)

114 1415 258 1470 potest
279 1428 404 1471 quam
424 1416 474 1458 ut
502 1413 597 1472 plus
623 1414 742 1472 justo
770 1415 822 1459 ab
850 1430 989 1459 rerum
1018 1413 1164 1458 ordine
1191 1412 1442 1458 declinarem

114 1477 475 1536 varietatibusque
503 1478 802 1537 distinguendo
830 1493 955 1537 opere
986 1482 1029 1523 et
1058 1477 1297 1536 legentibus
1324 1478 1442 1522 velut

113 1540 373 1586 deverticula
404 1557 565 1587 amoena
591 1547 635 1588 et
662 1543 850 1601 requiem
883 1543 1022 1587 animo
1057 1557 1151 1587 meo
1184 1557 1439 1601 quaererem:

111 1609 257 1651 tamen
286 1607 398 1651 tanti
424 1608 537 1665 regis
565 1622 614 1652 ac
641 1607 760 1652 ducis
787 1608 959 1663 mentio,
981 1607 1133 1666 quibus
1162 1623 1272 1665 saepe
1298 1606 1440 1651 tacitis

112 1671 439 1730 cogitationibus
462 1672 668 1716 volutavit
689 1673 887 1726 animum,
911 1688 981 1717 eas
1003 1676 1150 1717 evocat
1170 1673 1214 1716 in
1243 1671 1439 1726 medium,

112 1738 162 1779 ut
199 1750 386 1794 quaerere
421 1735 550 1780 libeat
584 1737 756 1792 quinam
786 1740 964 1782 eventus
998 1736 1202 1781 Romanis
1233 1735 1371 1789 rebuS‚
1404 1737 1441 1781 si

112 1814 209 1844 cum
248 1799 490 1846 Alexandro
530 1800 640 1845 foret
681 1801 893 1854 bellatum,
931 1802 1102 1845 futurus
1138 1801 1279 1846 fuerit.
1342 1800 1440 1846 Plu·
1457 1805 1483 1843 2

111 1863 264 1908 rimum
293 1864 339 1909 in
365 1865 476 1910 bello
507 1865 662 1923 pollere
693 1866 890 1910 videntur
919 1865 1100 1910 militum
1135 1866 1254 1923 copia
1284 1868 1328 1910 et
1359 1866 1439 1911 vir-

112 1931 197 1982 tus,
225 1929 396 1986 ingenia
421 1929 733 1987 imperatorum,
763 1930 1066 1988 fortuna—per
1092 1929 1232 1975 omnia
1256 1930 1441 1976 humana

112 1994 351 2039 —maxime
390 1994 436 2038 in
475 2009 543 2038 res
584 1993 752 2039 bellicas
793 1999 974 2052 potens:
1015 2010 1066 2040 ea
1095 1998 1139 2040 et
1173 1995 1341 2054 singula
1376 1995 1439 2040 in-

112 2058 254 2102 tuenti
292 2065 337 2103 et
376 2058 575 2104 universa
621 2059 731 2104 sieut
772 2059 824 2104 ab
871 2060 961 2104 aliis
1008 2059 1179 2119 regibus
1219 2059 1439 2119 gentibus-

113 2136 196 2179 que
227 2121 289 2166 ita
323 2121 374 2167 ab
409 2123 490 2168 hoe
522 2137 690 2182 quoque
721 2123 842 2168 facile
877 2127 1080 2182 praestant
1113 2125 1319 2170 invictum
1348 2125 1438 2169 Ro-

112 2199 284 2231 manum
321 2186 556 2245 imperium.
617 2187 645 2231 J
647 2203 713 2231 am
753 2188 934 2246 primum
974 2191 1024 2233 ut
1063 2188 1202 2233 ordiar
1236 2188 1288 2234 ab
1321 2188 1437 2234 duci·
1452 2200 1476 2238 3

113 2248 194 2299 buz
213 2251 514 2313 comparandis,
536 2251 649 2299 haud
671 2251 864 2313 equidem
890 2253 1029 2301 abnuo
1049 2253 1266 2316 egregium
1285 2253 1436 2304 ducem
