1649 2452
492 83 881 124 LIB.V11.4—6.
1276 87 1354 125 429

33 139 79 188 Α,
96 139 135 170 c.
139 138 244 188 ‚3⁵⁹³

0 193 2 197 ’
33 179 117 225 nisi
136 179 181 224 in
202 193 295 236 quae
314 178 404 236 ipse
424 178 686 235 concepisset
707 177 834 223 verba
850 178 1026 236 juraret,
1043 192 1089 221 se
1111 177 1243 234 patris
1264 178 1354 235 ejus

0 281 1 292 2
34 242 258 289 accusandi
277 257 403 287 causa
428 241 649 286 concilium
678 241 810 299 plebis
839 255 1068 298 numquam
1096 240 1352 295 habiturum,

0 300 1 313 ¹
34 324 81 354 se
108 324 205 354 eum
232 306 444 364 extemplo
474 307 775 351 transfixurum
810 307 1006 351 minatur.
1067 305 1252 350 Pavidus
1279 307 1354 350 tri-
1371 312 1394 348 5

34 372 185 425 bunuS,
209 372 363 431 quippe
384 371 457 429 qui
477 371 636 415 ferrum
658 376 755 415 ante
784 370 928 416 oculos
956 370 1122 423 micare,
1146 385 1192 415 se
1220 371 1355 415 solum

32 437 246 490 inermem,
287 435 405 480 illum
447 435 718 493 praevalidum
754 437 952 493 juvenem
991 438 1049 489 et,
1090 435 1203 492 quod
1242 435 1356 479 haud

33 503 172 547 minus
193 500 428 546 timendum
455 503 559 553 erat,
582 499 733 544 stolide
761 500 943 545 ferocem
968 499 1128 544 viribus
1151 500 1239 544 suis
1269 515 1355 544 cer-

33 570 166 617 neret,
202 565 369 622 adjurat
404 564 449 608 in
484 579 576 623 quae
618 563 792 609 adactus
830 569 897 609 est
931 563 1070 616 verba,
1109 567 1152 608 et
1188 579 1274 622 prae
1310 579 1355 608 se

34 629 184 675 deinde
204 630 304 674 tulit
326 644 375 673 ea
394 629 438 673 vi
457 628 681 674 subactum
704 644 749 673 se
771 629 942 686 incepto
969 628 1199 674 destitisse.
1262 628 1356 673 Nec
1375 637 1398 673 6

33 694 208 753 perinde
228 698 277 738 ut
298 693 515 737 maluisset
537 692 678 751 plebes
704 693 784 737 sibi
804 693 994 752 suffragii
1013 693 1175 738 ferendi
1195 692 1247 737 de
1269 696 1357 738 tam

34 758 192 804 crudeli
213 763 257 803 et
278 757 458 816 superbo
479 772 551 802 reo
580 760 834 815 potestatem
855 757 957 811 fieri,
981 758 1042 801 ita
1069 772 1179 816 aegre
1208 756 1357 802 habuit

34 823 164 868 filium
187 822 231 867 id
253 838 327 881 pro
348 826 521 880 parente
542 836 715 866 ausum:
749 836 881 879 eoque
902 821 947 866 id
975 821 1224 866 laudabilius
1253 826 1357 877 erat,

35 887 148 946 quod
169 887 352 931 animum
374 889 466 944 ejus
488 890 607 930 tanta
633 885 839 930 acerbitas
867 886 1004 943 patria
1022 885 1127 930 nihil
1153 901 1178 930 a
1198 887 1357 943 pietate

34 952 270 997 avertisset.
321 951 474 1008 Itaque
494 966 579 994 non
600 950 710 1008 patri
732 949 854 994 modo
875 950 1050 994 remissa
1069 965 1206 996 causae
1227 950 1356 995 dictio
1380 956 1402 997 7

33 1021 102 1062 est
136 1015 211 1061 sed
245 1015 326 1074 ipsi
361 1016 488 1060 etiam
525 1015 780 1059 adolescenti
815 1029 864 1058 ea
898 1029 965 1058 res
1000 1014 1151 1059 honori
1185 1015 1281 1068 fuit,
1314 1019 1358 1059 et

34 1097 164 1140 quum
196 1095 246 1125 eo
275 1095 384 1124 anno
405 1080 586 1138 primum
613 1079 842 1137 placuisset
869 1078 1063 1123 tribunos
1094 1078 1276 1124 militum
1305 1079 1358 1124 ad

33 1145 221 1204 legiones
249 1145 450 1203 suffragio
478 1144 724 1189 fieri—nam
752 1147 796 1188 et
817 1147 942 1187 antea
969 1143 1080 1188 sicut
1108 1159 1220 1188 nunc
1252 1159 1357 1202 quos

34 1210 218 1256 Rufulos
240 1214 392 1255 vocant
419 1210 692 1268 imperatores
719 1208 802 1265 ipsi
821 1207 1103 1261 faciebant—‚
1127 1209 1358 1253 secundum

33 1275 79 1320 in
98 1290 173 1320 sex
193 1274 296 1320 locis
327 1274 466 1320 tenuit
488 1274 614 1318 nullis
643 1273 756 1318 domi
784 1272 1027 1331 militiaeque
1056 1272 1109 1316 ad
1137 1273 1358 1318 concilian-

34 1339 130 1384 dam
163 1339 342 1397 gratiam
374 1339 547 1394 meritis,
576 1342 626 1383 ut
658 1337 731 1397 qui
759 1352 858 1382 rure
888 1340 931 1382 et
963 1337 1110 1395 procul
1140 1341 1253 1382 coetu
1282 1337 1357 1382 ho-

34 1404 195 1448 minum
210 1407 432 1461 juventam
454 1403 627 1462 egisset.

91 1467 253 1513 Eodem
282 1483 390 1512 anno
418 1483 494 1512 seu
524 1471 644 1512 motu
673 1471 799 1513 terrae
826 1483 903 1512 seu
929 1481 1013 1526 qua
1039 1467 1082 1511 vi
1112 1466 1193 1511 alia
1219 1467 1444 1527 forum(6)

34 1533 217 1578 medium
239 1532 370 1577 ferme
391 1547 519 1589 specu
540 1536 660 1577 vasto
681 1532 912 1590 collapsum
931 1531 976 1576 in
996 1530 1244 1576 immensam
1265 1533 1358 1577 alti-

34 1597 222 1642 tudinem
255 1596 422 1649 dicitur,
445 1612 582 1654 neque
610 1612 702 1641 eam
726 1596 968 1655 voraginem
996 1595 1191 1653 conjectu
1218 1601 1354 1650 terrae,

35 1677 164 1720 quum
196 1676 271 1718 pro
302 1676 347 1705 se
380 1661 557 1719 quisque
588 1666 768 1718 gereret,
801 1660 969 1718 explere
1009 1660 1199 1718 potuisse
1241 1662 1356 1719 prius

35 1741 158 1784 quam
188 1725 311 1770 deum
340 1725 504 1769 monitu
534 1725 666 1784 quaeri
695 1729 892 1783 coeptum,
916 1739 998 1783 quo
1028 1724 1255 1782 plurimum
1283 1741 1357 1783 po-

35 1791 159 1849 pulus
200 1790 417 1834 Romanus
459 1794 627 1847 posset:
670 1789 713 1834 id
748 1789 857 1835 enim
898 1788 959 1833 illi
998 1788 1091 1833 loco
1132 1786 1355 1833 dicandum

34 1860 153 1900 vates
181 1853 398 1906 canebant,
422 1853 458 1898 si
488 1869 575 1898 rem
605 1853 816 1912 publicam
847 1853 1081 1898 Romanam
1109 1855 1356 1911 perpetuam

35 1935 127 1964 esse
149 1919 314 1963 vellent.
366 1918 472 1962 Tum
494 1918 557 1963 M.
577 1918 771 1963 Curtium
787 1920 989 1975 juvenem
1010 1917 1118 1962 bello
1140 1917 1355 1976 egregium
1372 1927 1396 1963 2

35 1983 265 2042 castigasse
285 1983 427 2028 ferunt
449 1982 704 2037 dubitantes,
726 1997 779 2026 an
800 1981 934 2026 ullum
961 1981 1095 2040 magis
1117 1982 1356 2026 Romanum

35 2047 191 2094 bonum
213 2063 334 2106 quam
358 2062 473 2091 arma
492 2048 712 2106 virtusque
740 2047 885 2091 esset?
917 2046 1085 2091 silentio
1116 2046 1229 2091 facto
1249 2050 1357 2091 tem-

36 2112 107 2171 pla
131 2113 304 2159 deorum
334 2113 645 2167 immortalium,
677 2128 769 2172 quae
801 2112 893 2157 foro
922 2112 1154 2166 imminent,
1186 2113 1353 2170 Capito-

39 2176 223 2236 liumque
259 2179 492 2223 intuentem
523 2183 566 2223 et
597 2193 745 2222 manus
775 2192 888 2221 nunc
917 2177 962 2221 in
990 2176 1142 2222 coelum
1170 2192 1284 2222 nunc
1312 2178 1357 2222 in

39 2245 231 2300 patentes
270 2247 394 2288 terrae
441 2242 742 2288 hiatus—deos
782 2241 1270 2300 manes—porrigentem
1310 2257 1356 2290 se
