1649 2452
217 77 294 120 376
542 78 588 120 Τ.
611 78 760 120 LIVII
791 77 1210 119 HISTORIARUM
1320 129 1379 172 [A.
1396 130 1433 162 c.
1451 130 1524 163 38³.

215 171 445 225 consilium,
475 172 587 231 quod
615 189 702 219 non
730 174 961 232 prohibitos
991 176 1156 217 tantum
1184 171 1307 216 modo
1336 171 1528 216 volunta-

177 242 198 277 5
213 235 297 280 rios
329 235 516 281 dicerent
543 237 723 283 militare
751 237 824 282 ubi
851 237 1020 282 vellent.
1081 236 1306 282 Desierant
1327 236 1415 294 jam
1442 235 1528 280 ulla

214 301 425 345 contemni
445 300 576 346 bella:
609 303 751 360 itaque
773 305 944 346 senatus
965 300 1044 346 diis
1071 316 1196 359 agere
1222 300 1394 359 gratias,
1416 297 1529 358 quod

215 363 416 409 Camillus
436 365 481 410 in
500 365 752 423 magistratu
772 369 910 410 esset:
942 364 1188 410 dictatorem
1210 365 1364 422 quippe
1388 363 1527 408 dicen-

172 433 194 470 6
214 426 312 472 dum
344 443 440 473 eum
471 428 614 483 fuisse,
643 431 681 474 si
710 430 899 486 privatus
930 432 1055 474 esset.
1118 430 1179 473 Et
1209 428 1378 486 collegae
1404 427 1528 472 fateri

213 492 401 550 regimen
435 493 622 538 omnium
657 509 811 547 rerum,
843 492 917 538 ubi
952 492 1052 551 quid
1086 492 1224 537 bellici
1257 492 1431 537 terroris
1465 492 1528 537 in-

213 562 351 613 gruat,
384 557 431 601 in
459 557 549 602 viro
579 572 664 602 uno
695 573 800 610 esse,
832 557 995 615 sibique
1025 556 1281 601 destinatum
1311 557 1357 602 in
1391 555 1528 601 animo

212 636 303 665 esse
339 620 513 666 Camillo
549 621 798 666 submittere
837 621 1070 679 imperium,
1107 635 1185 665 nec
1220 621 1440 679 quicquam
1476 621 1529 665 de

211 685 431 742 majestate
461 701 538 730 sua
567 685 803 730 detractum
833 685 1013 739 credere,
1044 685 1157 743 quod
1191 685 1403 742 majestati
1436 684 1527 743 ejus

211 749 289 793 viri
320 750 636 794 concessissent.
702 749 959 794 Collaudatis
995 749 1047 793 ab
1082 753 1232 794 senatu
1266 748 1448 794 tribunis
1482 753 1527 793 et

174 812 298 869 Vipse
320 813 519 858 Camillus
541 814 740 859 confusus
762 814 900 858 animo
921 813 1078 871 gratias
1099 814 1199 871 egit.
1253 813 1409 871 Ingens
1429 812 1527 858 inde

209 877 268 921 ait
296 892 402 922 onus
423 893 448 922 a
473 878 627 936 populo
656 878 849 922 Romano
874 877 966 930 sibi,
991 877 1063 935 qui
1093 893 1137 922 se
1168 877 1415 922 dictatorem
1435 880 1524 935 Jam

209 946 403 999 quartum
435 943 631 999 creasset,
661 958 860 1001 magnum
890 957 915 986 a
944 946 1093 986 senatu
1122 942 1277 986 talibus
1309 941 1360 986 de
1390 957 1435 986 se
1458 943 1524 999 ju-

208 1005 325 1050 diciis
346 1008 437 1063 ejus
458 1007 627 1061 ordinis,
647 1007 872 1051 maximum
894 1010 981 1050 tam
1002 1006 1252 1050 honoratum
1274 1005 1522 1065 collegarum

170 1076 190 1112 8
208 1068 407 1128 obsequio
427 1070 603 1130 injungi.
665 1072 828 1129 Itaque,
852 1071 888 1115 si
909 1070 1009 1129 quid
1029 1070 1181 1115 laboris
1205 1071 1524 1129 vigiliarumque

208 1133 333 1191 adjici
374 1136 520 1192 possit,
559 1139 788 1180 certantem
830 1150 970 1179 secum
1013 1134 1149 1192 ipsum
1191 1134 1435 1179 adnisurum
1475 1139 1523 1179 ui.

207 1204 327 1243 tanto
353 1198 404 1243 de
431 1215 477 1244 se
505 1215 712 1244 consensu
740 1200 922 1244 civitatis
951 1199 1200 1257 opinionem,
1225 1215 1317 1256 quae
1345 1199 1524 1243 maxima

172 1265 190 1302 9
207 1262 274 1316 sit,
305 1263 433 1307 etiam
463 1270 726 1309 constantem
755 1264 916 1308 efficiat.
981 1263 1108 1311 Quod
1136 1262 1188 1307 ad
1214 1262 1368 1308 bellum
1397 1268 1524 1322 atque

206 1328 401 1372 Antiates
423 1328 621 1380 adfflneat,
645 1328 738 1386 plus
759 1328 817 1372 ibi
839 1329 1044 1371 minarum
1069 1343 1191 1385 quam
1213 1327 1389 1385 periculi
1410 1343 1521 1373 esse:

207 1407 252 1435 se
274 1399 416 1436 tamen
438 1397 486 1436 ut
509 1393 611 1437 nihil
639 1392 814 1437 timendi
842 1392 902 1436 sic
930 1391 1033 1436 nihil
1060 1391 1351 1436 contemnendi
1381 1398 1523 1437 aucto-

205 1470 290 1499 rem
315 1471 430 1501 esse:
465 1456 758 1501 circumsederi
787 1456 930 1501 urbem
963 1456 1196 1500 Romanam
1225 1455 1276 1500 ab
1304 1456 1460 1500 invidia
1479 1461 1523 1501 et

208 1519 303 1564 odio
335 1521 631 1565 finitimorum:
665 1522 806 1580 itaque
838 1526 882 1565 et
911 1520 1086 1565 ducibus
1116 1520 1305 1578 pluribus
1334 1529 1376 1565 et
1405 1536 1523 1565 exer-

207 1585 360 1629 citibus
393 1585 761 1630 administrandam
796 1601 880 1630 rem
914 1585 1116 1642 publicam
1151 1601 1266 1629 esse:
1303 1585 1430 1629 “Te''
1463 1586 1521 1629 in-

205 1650 310 1706 quit,
352 1654 377 1671 “
394 1651 441 1694 P.
469 1649 626 1703 Valeri,
665 1651 823 1694 socium
860 1649 1022 1706 imperii
1058 1649 1301 1707 consiliique
1337 1649 1522 1707 legiones

205 1729 364 1757 mecum
398 1714 600 1759 adversus
632 1715 846 1758 Antiatem
886 1713 1050 1758 hostem
1084 1713 1234 1758 ducere
1270 1713 1429 1771 placet:
1463 1721 1519 1766 te,

203 1778 255 1824 Q.
282 1778 447 1830 Servili,
478 1778 610 1823 altero
639 1779 826 1823 exercitu
855 1779 1063 1822 instructo
1093 1784 1318 1835 paratoque
1348 1778 1389 1821 in
1420 1778 1520 1823 urbe

201 1850 337 1885 castra
378 1842 543 1898 habere,
581 1845 802 1898 intentum,
839 1844 926 1886 sive
968 1842 1139 1886 Etruria
1179 1858 1223 1886 se
1264 1843 1429 1886 interim
1473 1850 1520 1887 ut

202 1921 332 1962 nuper
354 1907 440 1951 sive
469 1924 576 1951 nova
605 1908 691 1952 haec
720 1923 820 1952 cura
849 1907 991 1951 Latini
1023 1912 1148 1964 atquc
1178 1907 1352 1951 Hernici
1386 1922 1519 1952 move·

203 1971 308 2014 rint.
345 1987 417 2027 pro
446 1980 560 2016 corto
591 1972 721 2017 habeo
754 1973 812 2016 ita
841 1987 925 2015 rem
958 1979 1189 2029 gesturum,
1216 1979 1260 2014 ut
1295 1978 1410 2028 patre
1442 1987 1519 2016 nvo

200 2045 323 2092 leque
366 2036 455 2092 ipso
496 2052 543 2081 ac
584 2052 653 2080 sex
699 2035 983 2080 tribunatibus
1025 2035 1196 2092 dignum
1241 2044 1333 2080 est:
1366 2039 1517 2080 tertius

199 2101 407 2143 exercitus
431 2116 479 2143 cx
504 2101 701 2144 causariis
728 2099 1043 2157 senioribusque
1074 2116 1097 2143 n
1119 2100 1168 2143 L.
1195 2100 1396 2147 Quinctio
1418 2101 1516 2144 scri-

201 2164 332 2215 batur,
363 2165 431 2221 qui
464 2165 551 2209 urbi
585 2166 870 2222 intrnibusque
901 2163 1090 2221 praesidio
1120 2165 1199 2207 sit:
1233 2164 1283 2208 L.
1310 2165 1514 2209 Horatius

197 2244 310 2272 arma
332 2229 415 2273 tela
433 2230 694 2274 frumentum
717 2244 892 2288 quaeque
916 2228 1010 2274 belli
1031 2229 1110 2273 alia
1131 2237 1320 2287 tempora
1339 2240 1513 2288 poscent
