1649 2452
243 115 323 155 430
571 112 618 151 Τ.
648 111 796 151 LIVII
832 111 1250 152 HISTORIARUM
1362 166 1423 206 [A
1438 166 1478 201 o
1492 166 1568 199 359

242 185 474 261 devovisse,
496 221 687 265 equoque
715 205 865 251 deinde
891 222 1017 265 quam
1043 209 1211 266 poterat
1236 206 1417 255 maxime
1448 221 1570 252 exor-

242 275 343 317 nato
363 272 619 317 insidentem
640 274 848 316 armatum
868 287 913 316 56
941 272 987 316 111
1018 287 1189 330 specum
1216 272 1466 317 immisisse:
1497 271 1572 316 (10-

241 352 379 396 naque
409 351 458 381 ac
486 336 631 395 fruges
662 351 789 394 super
818 351 915 380 eum
945 351 971 381 a
999 336 1270 381 multitudine
1299 336 1486 381 virorum
1521 351 1571 382 66

242 401 466 446 mulierum
486 404 707 459 congestas
734 400 954 458 lacumque
982 400 1176 445 Curtium
1204 415 1291 445 non
1316 400 1368 446 ab
1396 401 1571 458 antiquo

242 465 315 510 illo
344 465 433 510 Titi
461 438 591 509 Tatii²³
602 464 737 509 11111116
767 463 917 509 Curtio
947 465 1105 510 Mettio
1136 465 1211 510 sed
1241 464 1292 509 ab
1321 464 1403 510 hoc
1432 465 1573 523 appel-

207 529 392 575 3latum.
455 529 569 574 Cura
587 543 674 574 non
701 528 880 583 deesset,
905 529 943 574 si
970 545 1053 588 qua
1079 529 1132 574 ad
1158 545 1307 574 verum
1335 529 1405 574 via
1433 529 1572 587 inqui-

243 598 408 639 rentem
427 594 585 638 ferret:
615 608 729 638 nunc
751 592 863 637 fama
881 609 1023 638 rernm
1054 593 1251 641 standum
1281 597 1360 647 est,
1381 592 1456 638 ubi
1484 609 1573 638 cer-

244 661 334 702 tam
369 657 544 716 derogat
581 661 774 702 vetustas
809 657 960 702 fidem·
951 693 961 702 .
993 661 1037 702 61
1065 658 1183 702 166115
1217 672 1372 702 nomen
1407 657 1458 703 ab
1492 657 1573 710 hac

244 723 483 768 recentiore
504 722 749 781 insignitius
770 721 914 767 fabula
934 727 1012 767 est.

208 793 235 830 4
311 788 418 831 Post
457 786 568 832 tanti
602 786 785 846 prodigii
823 788 1161 845 procurationem
1197 785 1344 831 eodem
1378 801 1487 831 anno
1521 786 1574 832 de

245 852 445 897 Hernicis
475 851 692 896 consultus
722 856 896 896 senatus
926 868 1055 911 quum
1082 851 1246 896 fetiales
1277 851 1331 896 ad
1359 867 1427 896 res
1454 867 1574 909 repe-

246 916 395 961 tendas
424 916 677 974 nequiquam
697 916 895 970 misisset,
917 917 1054 975 primo
1076 932 1241 975 quoque
1262 915 1330 961 die
1355 915 1575 961 ferendum

248 981 301 1025 ad
320 981 523 1039 populum
544 981 596 1025 (16
623 981 732 1025 bello
759 981 984 1026 indicendo
1013 982 1211 1027 Hernicis
1240 981 1417 1036 censuit,
1442 996 1576 1039 popu-

209 1045 396 1103 5lusque
425 1045 470 1090 id
498 1045 655 1089 bellum
688 1046 887 1104 frequens
915 1046 1055 1105 jussit.
1117 1046 1168 1091 L.
1194 1046 1382 1091 Genucio
1413 1045 1576 1090 consuli

207 1121 231 1157 6
248 1125 298 1155 ea
337 1110 554 1168 provincia
593 1113 708 1155 sorte
748 1111 901 1155 evenit.
975 1111 1031 1155 In
1071 1109 1385 1168 exspectatione
1425 1110 1574 1155 civitas

247 1177 353 1230 erat,
391 1174 504 1232 quod
538 1174 698 1232 primus
737 1175 807 1219 1116
849 1174 901 1220 (16
940 1175 1062 1232 plebe
1102 1174 1249 1220 60115111
1286 1173 1444 1219 bellum
1485 1175 1574 1219 suis

248 1239 443 1298 auspiciis
474 1243 673 1297 gesturus
714 1242 838 1293 esset,
871 1239 1044 1296 perinde
1073 1243 1124 1284 ut
1154 1239 1363 1284 evenisset
1402 1254 1472 1283 res
1512 1240 1575 1284 ita

247 1304 576 1348 cummunicatos
604 1304 783 1348 honores
804 1319 880 1362 pro
907 1304 1014 1349 bene
1043 1308 1118 1348 aut
1147 1318 1267 1348 secus
1289 1303 1482 1348 consulto
1501 1303 1577 1348 ha-

211 1367 399 1418 7bitura.
459 1368 588 1412 Forte
620 1369 682 1412 ita
717 1368 818 1413 tulit
850 1384 972 1413 casus
1004 1372 1054 1412 ut
1089 1367 1302 1412 Genucius
1344 1367 1396 1412 ad
1431 1368 1575 1412 hostes

247 1448 400 1491 magno
431 1436 586 1477 conatu
614 1433 830 1491 profectus
861 1433 906 1477 in
935 1433 1108 1477 insidias
1139 1432 1488 1490 praecipitaretur,
1515 1432 1575 1477 16-

249 1497 445 1556 gionibus
476 1497 726 1555 necopinato
761 1513 916 1554 pavore
945 1498 1052 1542 fusis
1083 1497 1230 1542 consul
1261 1497 1573 1542 circumventus

211 1571 234 1608 8
250 1562 302 1607 ab
323 1562 466 1607 insciis
489 1577 613 1620 quem
633 1562 944 1607 interfecissent
973 1561 1196 1607 occideret.
1259 1560 1388 1609 Quod
1414 1560 1489 1606 ubi
1509 1564 1576 1606 est

248 1627 430 1671 Romam
449 1626 705 1680 nuntiatum,
726 1642 993 1685 nequaquam
1018 1630 1187 1671 tantum
1215 1625 1382 1684 publica
1409 1625 1576 1671 calami·

247 1695 339 1736 tate
378 1691 515 1736 maesti
556 1695 696 1749 patres
739 1695 944 1750 quantum
984 1691 1146 1736 feroces
1186 1689 1343 1735 infelici
1388 1690 1575 1735 consulis

248 1755 400 1814 plebeii
442 1755 574 1800 ductu
613 1756 801 1801 fremunt
841 1755 1034 1801 omnibus
1074 1755 1190 1808 locis,
1231 1754 1343 1799 irent
1383 1758 1575 1800 crearent

250 1820 442 1865 6011511165
464 1835 516 1864 ex
537 1820 671 1878 plebe,
691 1820 970 1866 transferrent
992 1820 1178 1878 auspicia
1198 1834 1280 1878 quo
1301 1818 1419 1864 nefas
1440 1823 1573 1865 esset:

249 1886 438 1943 potuisse
466 1889 608 1942 patres
637 1884 750 1942 plebi
776 1885 883 1930 scito
913 1885 1013 1944 pelli
1038 1883 1268 1929 honoribus
1299 1883 1386 1928 suis
1402 1900 1574 1929 z—num

250 1950 377 1994 etiam
405 1950 449 1994 in
470 1949 570 1994 deos
597 1949 857 1994 immortales
877 1949 1180 2007 inauspicatam
1203 1947 1339 2004 legem
1360 1948 1574 1994 valuisse?

250 2013 485 2059 vindicasse
507 2014 621 2071 ipsos
645 2029 770 2058 suum
790 2030 947 2059 numen
974 2029 1052 2058 sua
1079 2012 1276 2071 auspicia,
1302 2028 1395 2071 quoe
1421 2016 1472 2058 ut
1491 2013 1576 2071 pri-

251 2095 368 2124 mum
390 2083 585 2123 contacta
605 2079 690 2124 sint
718 2079 770 2124 ab
799 2094 849 2124 eo
871 2094 896 2123 a
916 2093 999 2137 quo
1030 2092 1109 2122 nec
1130 2080 1204 2135 jus
1231 2092 1309 2122 nec
1339 2077 1404 2123 fas
1431 2077 1573 2132 fuerit,

253 2143 437 2188 deletum
454 2158 548 2187 cum
566 2143 671 2188 duce
687 2144 920 2189 exercitum
936 2143 1189 2188 documento
1205 2142 1337 2186 fuisse
1351 2158 1405 2188 ne
1425 2141 1575 2188 deinde

253 2207 425 2253 turbato
446 2207 636 2265 gentium
654 2209 750 2266 jure
771 2209 940 2254 comitia
958 2207 1227 2252 haberentur.
1289 2207 1374 2252 His
1401 2207 1575 2253 vocibus

219 2273 372 2322 9611116
401 2278 444 2320 ct
474 2272 612 2318 forum
648 2277 858 2337 personat.
918 2275 1000 2332 Ap.
1023 2271 1260 2327 Claudium,
1287 2273 1386 2332 quia
1415 2271 1578 2319 dissua-
