1649 2452
532 138 1006 195 ARGUMENTA

393 295 708 336 LlBRORUM
740 293 1145 333 LIVIANORUM.

658 543 755 581 11113.
786 543 858 579 vl.

199 624 277 661 RES
300 623 485 662 adversus
510 624 671 662 Vulscos
697 631 738 662 et
756 625 904 673 AEquos
929 629 969 662 ct
993 625 1252 662 Prmncstinos
1268 636 1372 672 pros-

146 684 238 756 {vcro
253 679 385 720 gestas
402 675 586 710 continet.
640 673 832 719 Quattuor
856 674 981 710 tribus
1005 674 1150 710 additae
1169 678 1260 709 sunt
1277 673 1372 710 Stel-

160 722 268 757 atina
285 721 537 758 Tromentina
563 722 748 759 Sabatina
772 722 984 759 Arniensis,
1037 722 1089 759 M.
1109 721 1287 765 Manlius,
1309 722 1371 767 qui

145 769 379 816 Capitolium
391 781 415 805 a
429 770 550 806 Gallis
561 769 799 813 defenderat,
812 781 930 817 quum
945 771 1150 807 obstrictos
1164 781 1239 805 aerc
1251 749 1374 805 alieno

146 816 327 854 liberaret.
343 829 464 854 nexos
488 818 716 863 exsolveret,
737 819 896 854 crimine
921 818 1108 855 adfectati
1133 819 1240 864 regni
1267 817 1373 853 dam-

146 869 261 901 natus
277 865 326 901 de
345 876 440 901 saxo
458 865 632 911 dejectus
652 846 733 902 θεῖ’·
760 867 801 901 in
825 866 935 912 cujus
959 872 1092 902 notam
1112 871 1268 902 senatus
1287 877 1373 901 con-

143 913 288 950 sultum
304 914 451 950 factum
468 919 529 950 est
546 926 594 950 ne
612 916 673 951 eui
699 915 748 951 de
773 915 919 952 Manlia
942 919 1059 962 gente
1085 915 1218 952 Marco
1235 927 1374 962 cogno

140 972 232 997 men
257 966 371 999 essct.
424 961 467 1000 C.
489 962 657 999 Licinius
681 967 722 998 et
748 963 789 999 L.
817 963 971 1000 Sextius
996 963 1142 998 tribuni
1167 963 1292 1009 plebis
1322 963 1372 998 le-

141 1021 232 1065 gem
249 1010 593 1057 promulgaverunt
609 1014 655 1046 ut
671 1010 846 1047 consules
871 1012 990 1047 etiam
1016 1023 1063 1046 ex
1087 1010 1200 1057 plebe
1218 1011 1369 1055 fierent,

144 1058 210 1104 qui
235 1069 283 1093 cx
308 1059 485 1104 patribus
509 1059 751 1102 creabantur,
776 1070 940 1106 eamque
963 1059 1089 1106 legem
1115 1070 1203 1094 cum
1229 1070 1375 1106 magns·

142 1106 387 1142 contentione
411 1107 720 1153 repugnantibus
743 1107 932 1154 patribus,
955 1118 1073 1153 quum
1092 1106 1210 1143 iidem
1228 1107 1372 1142 tribuni

143 1153 270 1201 plebis
292 1165 363 1200 per
388 1155 693 1210 quinquennium
718 1155 789 1191 soli
813 1155 1066 1202 magistratus
1088 1155 1263 1197 fuissent,
1289 1166 1374 1201 pcr-

143 1201 330 1245 tulerunt,
355 1205 397 1238 et
420 1203 570 1248 primus
594 1214 643 1238 ex
663 1203 776 1254 plebe
801 1203 934 1239 consul
967 1202 1010 1240 L.
1032 1202 1187 1239 Sextius
1221 1208 1375 1238 creatus

143 1253 214 1286 ωδ.
265 1249 364 1286 Lata
381 1255 442 1286 est
457 1254 498 1287 et
514 1251 639 1287 altera
653 1242 722 1287 lex
732 1263 784 1288 ne
800 1251 864 1289 cui
877 1251 968 1295 plus
992 1251 1215 1298 quingentis
1227 1250 1374 1298 jugeri-

144 1297 217 1334 bus
233 1299 318 1345 agri
335 1298 469 1335 liceret
482 1299 695 1346 possidere.

645 1404 745 1442 Lm.
772 1404 868 1443 VH.

192 1479 287 1517 DUO
306 1480 398 1517 novi
419 1481 671 1528 mag-istratus
697 1482 839 1528 adjecti
864 1482 955 1518 sunt
979 1484 1153 1528 praetura
1178 1483 1220 1516 ct
1235 1479 1376 1516 curulis

145 1529 322 1565 aedilitas.
375 1529 602 1566 Pestilentia
626 1530 762 1566 civitas
786 1530 976 1566 laboravit
1000 1541 1163 1576 eamque
1187 1529 1374 1575 insigne-m

146 1577 238 1613 fecit
261 1589 365 1613 mors
390 1577 496 1613 Furii
513 1577 664 1615 Camilli
683 1589 691 1614 ε
719 1577 828 1624 cujus
851 1578 1064 1614 remedium
1083 1583 1123 1613 ot
1148 1579 1234 1612 finis
1257 1589 1375 1623 quum

145 1637 216 1672 per
239 1637 358 1661 novas
382 1626 586 1672 religiones
610 1630 861 1672 quaereretur,
890 1625 972 1661 ludi
1006 1626 1144 1662 scenici
1181 1631 1262 1660 tum
1299 1626 1375 1672 pri-

144 1684 253 1709 mum
277 1674 370 1710 facti
394 1678 495 1710 sunt..
546 1673 673 1718 Quum
699 1673 781 1709 dios
805 1673 846 1710 L.
867 1673 1012 1710 Manlio
1037 1673 1142 1710 dicta
1160 1677 1261 1708 essct
1277 1684 1301 1708 a
1320 1672 1372 1709 M.

146 1721 361 1768 Pomponio
377 1722 534 1757 tribuno
551 1722 676 1768 plebis
694 1726 856 1768 propter
880 1721 1064 1758 dilectum
1090 1721 1227 1757 acerbo
1245 1725 1374 1756 actum

146 1774 188 1806 et
211 1769 257 1806 Τ.
279 1769 467 1806 Manlium
494 1769 615 1805 filium
641 1781 706 1805 rus
730 1770 944 1815 relegatum
974 1770 1056 1805 sine
1089 1769 1166 1804 ullo
1200 1769 1371 1811 crimino,

146 1817 367 1854 adolescens
391 1819 487 1864 ipse
508 1818 616 1863 cujus
641 1818 825 1863 relegatio
850 1818 954 1864 patri
978 1817 1242 1863 objiciebatur,
1271 1818 1375 1852 venit

147 1866 186 1902 in
201 1866 417 1920 cubiculum
431 1867 576 1901 tribuni
594 1867 805 1912 strictoque
819 1865 948 1921 gladio
965 1866 1092 1912 coegit
1105 1877 1192 1900 cum
1207 1866 1244 1900 in
1260 1877 1282 1898 ι
1285 1865 1375 1900 orba

147 1925 218 1950 sua
228 1913 371 1960 jurare,
387 1926 464 1950 non
482 1919 836 1962 perseveraturum
835 1925 875 1949 se
892 1914 931 1948 in
949 1913 1204 1949 accusatione.
1248 1912 1373 1957 Quum

148 1962 297 1998 telluris
313 1962 424 1998 biatu
440 1967 526 1998 tota
546 1961 598 1998 ad
623 1962 804 1997 ultimum
829 1957 968 1997 'territa
993 1961 1123 2008 patria
1147 1961 1259 2006 foret,
1282 1966 1374 1996 tunc

148 2010 278 2047 omnia
302 2011 474 2057 pretiosa
498 2011 615 2046 missa
640 2014 732 2046 sunt
754 2010 793 2045 in
811 2013 1012 2056 patentem
1030 2009 1252 2056 voraginem
1269 2009 1375 2044 urbis

150 2058 358 2094 Romanae:
383 2059 425 2095 in
449 2070 534 2094 cam
560 2057 717 2095 Curtius
740 2061 914 2094 armatus
939 2069 1038 2104 equo
1062 2057 1201 2094 sedens
1218 2068 1259 2092 sc
1277 2068 1373 2104 prae-

149 2107 327 2154 cipitavit.
349 2101 471 2163 ea'c
495 2106 653 2153 expleta
668 2111 740 2142 est,
790 2106 833 2142 Τ.
853 2105 1019 2142 Manlius
1043 2105 1278 2149 adolescens,
1309 2106 1372 2152 qui

165 2159 302 2242 umtrem
326 2166 351 2192 a
373 2154 579 2191 tnbunicia
602 2155 806 2191 vexatione
829 2153 1104 2199 vindicaverat,
1124 2156 1259 2190 contra
1285 2151 1374 2190 Gal-

165 2207 531 2253 umprovooanoem
555 2202 723 2251 aliquem
748 2213 796 2240 cx
821 2201 1008 2240 militibus
1035 2201 1218 2240 Romanis
1241 2201 1282 2238 in
1298 2201 1372 2239 sin-
