1649 2452
190 122 271 164 614
512 122 545 162 T
588 119 738 162 LIVII
770 116 1194 163 HISTORIARUM
1303 175 1365 226 μ
1375 171 1410 208 c
1433 172 1508 209 ²9⁷

190 217 334 276 gloriae
365 218 576 263 seniorum
611 216 871 262 subcrevisse
902 220 944 262 et
975 216 1028 262 ad
1058 233 1177 262 suam
1208 216 1384 276 glorlam
1413 232 1511 262 con·

190 285 412 340 surgentes
449 282 549 327 alios
584 281 729 326 laetum
763 282 972 340 aspicere:
1009 296 1087 327 nec
1121 282 1301 327 honores
1336 296 1511 354 magnos

189 345 430 392 fortissimis
443 347 544 391 viris
564 346 712 391 Romae
727 360 806 391 nec
825 345 1053 391 honoribus
1075 345 1219 391 deesse
1240 346 1371 391 fortes
1386 345 1511 391 viroS.

154 411 382 455 4Acuebat
409 412 487 456 hac
516 410 800 456 moderatione
830 413 919 456 tam
942 413 1063 468 justa
1092 410 1243 464 studia,
1275 425 1367 468 quae
1396 424 1513 455 vere-

191 475 345 520 cundia
371 475 513 533 legum
540 475 842 534 restinguenda
869 478 987 519 ratus
1015 474 1151 533 legem
1178 474 1346 519 recitari
1368 474 1510 533 jussit,

191 554 275 597 qua
307 539 419 583 intra
454 539 598 584 decem
635 554 766 584 annos
807 538 986 584 eundem
1021 538 1235 584 consulem
1274 539 1390 584 refici
1426 554 1514 584 non

155 603 348 648 5liceret.
410 603 497 648 Vix
531 619 617 662 prae
652 604 836 662 strepitu
873 602 1017 648 audita
1051 603 1119 648 lex
1155 607 1232 656 est,
1270 603 1513 662 tribunique

190 667 323 725 plebis
362 667 468 712 nihil
506 668 551 712 id
589 667 880 726 impedimenti
920 667 1112 712 futurum
1155 667 1333 723 aiebant,
1374 683 1420 713 se
1459 667 1514 713 ad

156 739 179 776 6
193 731 394 804 populum
413 732 576 777 laturos
596 732 663 777 uti
683 732 847 791 legibus
869 731 1115 777 solveretur.
1179 732 1239 776 Et
1255 730 1324 777 ille
1346 730 1514 791 quidem

190 796 236 840 in
261 796 493 840 recusando
521 795 750 854 perstabat,
774 796 875 855 quid
904 811 1004 854 ergo
1034 796 1244 841 adtineret
1271 795 1386 855 leges
1412 796 1515 842 ferri

191 861 392 918 rogitans,
423 861 576 919 quibus
603 876 679 919 per
707 861 874 906 eosdem
903 862 976 919 qui
1005 861 1203 905 tulissent
1234 861 1351 905 fraus
1380 860 1513 914 fieret,

156 925 276 981 7jam
295 925 386 983 regi
405 925 520 983 leges
548 941 634 969 non
660 941 819 984 regere.
881 925 1070 983 Populus
1098 925 1228 969 nihilo
1260 925 1398 970 minus
1427 925 1514 970 suf-

191 989 327 1047 fragia
346 989 479 1034 inibat
507 992 563 1042 et,
586 993 636 1034 ut
665 1005 840 1047 quaeque
868 989 981 1034 intro
1009 994 1159 1034 vocata
1187 993 1278 1034 erat
1309 989 1512 1044 centuria,

155 1053 405 1099 Sconsulem
439 1053 554 1097 haud
588 1053 713 1098 dubie
750 1053 930 1099 Fabium
965 1054 1143 1099 dicebat.
1207 1052 1315 1098 Tum
1347 1053 1514 1098 demum

191 1133 399 1163 consensu
419 1118 602 1162 civitatis
617 1118 754 1163 victus
779 1119 900 1163 “Dei
921 1118 1180 1177 adprobent''
1198 1117 1336 1177 inquit
1361 1121 1387 1140 “
1401 1117 1513 1176 quod

192 1182 317 1241 agitis
348 1182 565 1241 acturique
595 1182 710 1237 estis,
742 1182 953 1236 Quirites:
987 1186 1199 1236 caeterum,
1233 1182 1432 1241 quoniam
1467 1182 1514 1226 in

191 1261 258 1292 me
293 1246 405 1306 quod
439 1261 514 1291 vos
549 1246 677 1291 vultis
712 1246 866 1301 facturi
902 1246 1016 1303 estis,
1047 1248 1092 1291 in
1127 1247 1286 1305 collega
1322 1247 1378 1291 sit
1408 1261 1512 1291 meae

193 1311 304 1369 apud
323 1326 397 1356 vos
419 1311 565 1369 gratiae
585 1311 726 1356 locus:
759 1311 807 1355 P.
830 1311 1025 1364 Decium,
1046 1315 1267 1369 expertum
1293 1311 1395 1355 mihi
1416 1325 1515 1355 eon-

193 1375 309 1421 cordi
328 1375 502 1434 eollegio
522 1375 673 1428 virum,
695 1375 867 1434 dignum
889 1376 1008 1420 vobis
1031 1375 1203 1435 dignum
1223 1380 1398 1434 parente
1421 1389 1513 1430 sue,

157 1448 334 1499 9quaeso
374 1455 538 1485 meeum
579 1440 792 1485 consulem
834 1440 1039 1485 faciatis.''
1102 1441 1229 1485 Justa
1269 1439 1514 1498 suffragatio

193 1506 308 1550 visa:
340 1520 483 1550 omnes
520 1520 612 1563 quae
648 1508 895 1563 supererant
931 1505 1132 1550 centuriae
1173 1505 1227 1553 Q.
1250 1502 1427 1549 Fabium
1463 1504 1511 1548 P.

134 1579 182 1616 10
195 1570 372 1615 Decium
395 1569 587 1614 consules
609 1569 764 1614 dixere.
826 1569 891 1614 Eo
913 1584 1021 1613 anno
1049 1569 1258 1627 plerisque
1284 1568 1374 1613 dies
1402 1567 1516 1612 dicta

196 1634 247 1679 ab
269 1634 469 1687 aedilibus,
495 1634 592 1692 quia
612 1633 706 1692 plus
729 1648 851 1692 quam
874 1633 986 1692 quod
1005 1633 1098 1692 lege
1119 1633 1284 1678 finitum
1313 1637 1402 1677 erat
1423 1631 1514 1691 agri

195 1698 484 1757 possiderent:
518 1713 596 1743 nec
627 1698 847 1756 quisquam
874 1698 1007 1743 ferme
1037 1700 1102 1742 est
1132 1701 1338 1756 purgatus
1369 1696 1512 1742 vineu-

195 1763 366 1820 lumque
387 1763 537 1822 ingens
557 1762 789 1807 immodicae
810 1761 1054 1821 cupiditatis
1075 1762 1275 1820 injectum
1297 1764 1374 1806 est.

88 1832 186 1885 (14)
256 1827 461 1873 Consules
495 1827 593 1872 novi
630 1827 684 1876 Q.
707 1827 864 1871 Fabius
898 1826 1113 1870 Maximus
1146 1830 1342 1884 quartum
1381 1831 1424 1870 et
1459 1822 1510 1869 P.

197 1892 356 1938 Decius
377 1893 480 1936 Mus
505 1891 681 1936 tertium
709 1906 839 1950 quum
860 1890 972 1935 inter
997 1904 1041 1935 se
1070 1890 1290 1949 agitarent,
1313 1889 1377 1934 uti
1405 1888 1512 1933 alter

199 1957 406 2002 Samnites
441 1957 584 2001 hostes
621 1956 727 2001 alter
760 1955 964 2000 Etruscos
1001 1954 1232 2013 deligerent
1263 1960 1512 2013 quantaeque

198 2022 243 2066 in
268 2022 376 2066 hanc
404 2025 477 2065 aut
504 2021 547 2065 in
573 2021 685 2065 illam
713 2020 966 2078 provinciam
995 2019 1123 2077 copiae
1151 2018 1252 2064 satis
1280 2024 1323 2063 et
1344 2022 1439 2062 uter
1460 2017 1512 2061 (111

198 2090 340 2131 utrum
377 2086 530 2131 bellum
562 2085 647 2130 dux
677 2085 852 2130 idoneus
888 2085 1020 2143 magis
1053 2086 1176 2136 esset,
1211 2082 1262 2127 ab
1294 2082 1438 2126 Sutrio
1470 2085 1512 2127 et

199 2151 367 2209 Nepete
395 2155 437 2196 et
458 2151 630 2196 Faleriis
658 2151 799 2210 legati,
823 2154 1015 2195 auctores
1036 2148 1210 2194 concilia
1236 2147 1419 2192 Etrurise
1440 2162 1514 2204 po-

200 2217 391 2274 pulorum
429 2215 480 2260 de
514 2215 696 2274 petenda
734 2230 835 2274 pace
870 2214 1026 2268 haberi,
1063 2216 1195 2258 totam
1232 2211 1326 2256 belli
1361 2211 1513 2256 molem

164 2282 244 2329 2111
285 2281 497 2328 Samnium
533 2283 789 2327 averterunt.
849 2277 1037 2325 Profecti
1077 2276 1282 2333 consules,
1323 2290 1407 2336 quo
1441 2289 1514 2324 ex-
