1649 2452
166 102 243 141 596
488 102 532 140 Τ.
557 101 703 140 LIVII
734 101 1150 142 HISTORIARUM
1271 157 1318 196 [A
1345 157 1371 187 c
1400 157 1462 192 303

166 194 452 254 tes—legatos
480 194 531 241 de
556 211 658 254 pace
684 197 863 242 Romam
894 197 1071 243 misere:
1104 197 1255 254 quibus
1281 200 1480 257 supplici-

165 262 233 304 ter
252 260 474 318 agentibus
502 276 750 319 responsum
773 266 850 317 est,
866 262 948 306 nisi
972 278 1080 321 saepc
1100 262 1255 307 bellum
1284 266 1479 320 parantes

165 338 311 381 pacem
340 325 546 382 petissent
580 324 804 379 Samnites,
837 327 1025 371 oratione
1059 327 1170 371 ultro
1200 327 1308 371 citro
1336 327 1481 371 habita

166 387 218 433 de
239 403 341 446 pace
361 389 540 445 transigi
567 390 756 446 potuisse
775 410 783 434 :
815 406 939 444 nunc,
963 391 1130 449 quando
1151 390 1277 435 verba
1295 406 1401 435 vana
1428 391 1481 435 ad

165 452 209 496 id
243 452 427 497 locorum
465 453 635 506 fuerint,
670 454 796 499 rebus
833 455 1028 499 standum
1069 471 1184 500 esse:
1216 455 1266 499 P.
1290 455 1481 513 Sempro-

164 516 283 562 nium
322 517 535 562 consulem
575 533 672 562 cum
711 519 900 564 exercitu
938 519 1055 564 brevi
1084 520 1129 564 in
1164 520 1332 564 Samnio
1363 519 1478 564 fore:

164 596 274 637 eum,
290 581 344 626 ad
362 580 518 626 bellum
533 597 732 640 pacemne
753 583 953 628 inclinent
975 584 1113 637 animi,
1131 584 1218 628 fani
1238 599 1323 628 non
1338 598 1478 642 posse:

167 647 383 703 comperta
397 646 537 690 omnia
556 647 723 691 senatui
741 647 985 701 relaturum,
1004 647 1273 693 decedentem
1294 663 1348 692 ex
1367 648 1480 692 Sam-

125 709 240 767 2nio
263 709 476 754 consulem
505 710 636 769 legati
668 719 955 768 sequerentur.
1015 713 1081 756 Eo
1112 727 1219 757 anno
1250 728 1379 771 quum
1409 727 1480 770 pa-

162 777 303 819 catum
336 774 547 819 Samnium
590 777 798 820 exercitus
829 776 1046 821 Romanus
1086 777 1264 834 benigne
1304 776 1480 834 praebito

162 842 398 883 commeatu
417 840 700 898 peragrasset,
719 840 856 885 foedus
878 841 1094 898 antiquum
1118 841 1373 885 Samnitibus
1386 840 1480 886 red-

120 910 142 946 3
162 901 310 948 ditum.
370 903 440 947 Ad
472 904 634 962 AEquos
669 904 766 949 inde
798 909 962 950 veteres
997 905 1138 949 hostes
1174 909 1371 950 caeterum
1405 921 1480 963 per

161 966 316 1012 multos
356 982 486 1012 annos
527 968 606 1012 sub
648 969 785 1026 specie
826 969 962 1014 infidae
1002 970 1116 1026 pacis
1157 970 1320 1027 quietos
1358 984 1480 1014 versa

160 1045 275 1075 arma
305 1031 508 1085 Romana,
544 1032 656 1091 quod
689 1033 887 1078 incolumi
921 1034 1108 1078 Hernico
1143 1033 1309 1078 nomine
1344 1033 1478 1078 missi-

159 1098 351 1141 taverant
382 1096 507 1140 simul
537 1112 632 1141 cum
652 1097 718 1141 his
751 1098 928 1142 Samniti
949 1098 1103 1142 auxilia
1124 1101 1166 1141 et
1197 1102 1292 1155 post
1322 1097 1477 1142 Herni-

159 1175 229 1205 cos
265 1160 462 1206 subactos
496 1161 692 1206 universa
725 1177 852 1219 prope
888 1177 991 1220 gens
1027 1162 1116 1206 sine
1148 1161 1477 1206 dissimulatione

159 1224 320 1270 consilii
347 1225 503 1284 publici
536 1224 588 1269 ad
614 1225 759 1270 hostes
782 1226 1013 1270 desciverat
1035 1242 1044 1269 :
1076 1229 1119 1269 et
1140 1230 1363 1284 postquam
1390 1225 1476 1270 icto

158 1289 305 1334 Romae
346 1304 441 1334 cum
483 1289 739 1334 Samnitibus
780 1290 935 1335 foedere
976 1289 1143 1334 feciales
1173 1292 1374 1334 venerant
1407 1305 1474 1334 res

157 1354 398 1411 repetitum,
421 1355 741 1412 temptationem
762 1354 928 1399 aiebant
945 1369 1037 1398 esse
1057 1359 1106 1397 ut
1127 1357 1287 1398 terrore
1307 1354 1476 1398 incusso

157 1416 254 1462 belli
283 1418 498 1462 Romanos
529 1433 574 1462 se
604 1418 694 1462 ficri
725 1422 982 1476 paterentur,
1016 1417 1128 1475 quod
1159 1421 1316 1476 quanto
1351 1433 1476 1476 opere

157 1482 385 1539 optandum
406 1483 516 1527 soret
539 1483 747 1527 Hernicos
769 1482 972 1537 docuisse,
989 1497 1119 1539 quum
1138 1481 1289 1540 quibus
1310 1481 1476 1526 licuerit

157 1561 253 1591 suas
283 1547 398 1605 leges
428 1547 629 1591 Romanae
661 1547 823 1591 civitati
852 1546 1204 1605 praeoptaverint:
1236 1546 1387 1604 quibus
1417 1546 1476 1591 le-

156 1611 282 1670 gendi
312 1611 413 1670 quid
442 1611 613 1655 mallent
644 1611 763 1668 copia
793 1626 878 1655 non
907 1611 1048 1666 fuerit,
1076 1626 1152 1668 pro
1183 1626 1305 1669 poeua
1333 1626 1476 1656 neccs-

117 1676 307 1722 4sariam
338 1675 551 1720 civitatem
581 1675 682 1720 fore.
744 1675 811 1720 Ob
839 1675 927 1719 haec
955 1675 1082 1732 vulgo
1112 1675 1156 1719 iu
1183 1675 1364 1720 consiliis
1389 1675 1474 1733 jac·

156 1743 247 1784 tata
276 1739 454 1798 populus
486 1739 703 1784 Romanus
735 1738 890 1784 bellum
922 1739 1013 1783 fieri
1039 1739 1190 1797 AEquis
1215 1740 1346 1795 jussit
1376 1754 1473 1784 con·

157 1804 349 1862 sulesque
371 1804 491 1849 ambo
508 1804 560 1848 ad
580 1819 734 1848 novum
756 1803 933 1861 profecti
954 1803 1107 1848 bellum
1126 1807 1327 1862 quattuor
1346 1803 1474 1848 millia

115 1881 180 1916 511
215 1869 362 1913 castris
404 1869 589 1913 hostium
625 1868 917 1912 consederunt.
979 1868 1214 1925 AEquorum
1250 1868 1472 1924 exercitus,

155 1937 203 1977 ut
233 1933 303 1991 qui
334 1948 410 1977 suo
442 1933 608 1977 nominc
636 1932 866 1990 permultos
895 1947 1024 1976 annos
1055 1931 1241 1976 imbelles
1272 1933 1469 1989 egissent,

154 1997 429 2042 tumultuario
470 1997 615 2042 similis
656 1997 745 2041 sine
785 1996 961 2041 ducibus
1003 1996 1128 2041 certis
1169 1996 1258 2041 siue
1298 1997 1471 2054 imperio

154 2061 390 2120 trepidare:
423 2061 528 2106 alius
557 2061 795 2106 exeundum
816 2061 860 2105 in
887 2061 1030 2114 aciem,
1053 2060 1123 2105 alii
1151 2065 1289 2105 castra
1314 2060 1472 2105 tuenda

154 2129 353 2171 censent:
397 2129 535 2170 movet
566 2125 785 2184 plerosque
813 2126 993 2169 vastatio
1023 2125 1168 2169 futura
1197 2139 1393 2183 agrorum
1423 2140 1471 2170 ac

155 2190 350 2248 deinceps
381 2205 475 2234 cum
506 2189 667 2235 levibus
698 2189 902 2248 praesidiis
933 2189 1099 2235 urbium
1130 2189 1371 2234 relictarum
1401 2204 1465 2234 ex-

156 2254 283 2300 cidia:
314 2255 455 2313 itaque
472 2258 692 2313 postquam
709 2255 820 2300 inter
840 2253 995 2299 multas
1015 2253 1247 2299 sententias
1263 2268 1360 2308 una,
1375 2268 1470 2309 quae

155 2319 310 2367 omissa
338 2334 439 2366 cura
468 2319 750 2365 communium
781 2317 833 2364 ad
863 2322 1100 2379 respectum
1131 2333 1299 2365 suarum
1328 2330 1477 2378 quem-
