1649 2452
233 100 310 140 390
552 98 596 141 Τ.
619 98 770 140 LIVII
800 94 1220 140 HISTORIARUM
1341 151 1400 191 [A.
1416 150 1452 184 c·
1470 150 1544 184 381.

232 208 305 238 ore
325 195 451 253 atque
479 195 609 239 oculis
637 195 779 253 populi
806 194 1000 248 Romani,
1019 209 1071 238 ne
1099 193 1202 237 nihil
1230 207 1301 237 eos
1324 192 1546 251 legationis

118 256 215 310 (18)
226 261 313 316 jus,
351 262 525 304 externo
565 274 650 303 non
689 259 770 304 civi
810 261 1106 315 comparatum,
1147 259 1324 316 tegeret.
1385 257 1548 302 Recru-

233 322 428 368 descente
470 323 685 368 Manliana
724 322 927 367 seditione
967 321 1045 367 sub
1086 321 1203 367 exitu
1243 321 1340 365 anni
1379 321 1548 365 comitia

232 386 378 432 habita
416 388 630 446 creatique
669 387 829 431 tribuni
868 387 1047 431 militum
1089 385 1296 431 consulari
1335 387 1547 444 potestate

233 451 402 496 Servius
424 451 646 496 Cornelius
675 451 980 509 Maluginensis
1001 451 1155 495 iterum
1180 452 1226 494 P.
1249 449 1444 494 Valerius
1465 450 1547 494 Po-

231 516 336 559 titus
357 516 512 560 iterum
533 516 596 559 M.
619 515 772 560 Furius
795 514 993 559 Camillus
1022 518 1189 559 sextum
1219 514 1387 559 Servius
1410 513 1548 572 Sulpi-

231 580 319 623 cius
359 579 500 624 Rufus
535 580 689 624 iterum
726 579 772 623 C.
795 579 988 636 Papirius
1030 579 1206 623 Crassus
1247 579 1293 622 T.
1318 578 1546 626 Quinctius

192 647 214 683 2
232 643 507 688 Cincinnatus
537 644 703 688 iterum.
766 643 897 701 Cujus
926 643 1128 701 principio
1159 643 1257 687 anni
1285 646 1327 686 et
1355 641 1545 700 patribus

230 711 272 751 et
307 708 419 765 plebi
453 711 764 766 peropportune
794 712 969 751 externa
997 722 1079 765 pax
1111 706 1234 750 data:
1274 706 1400 764 plebi,
1434 706 1547 765 quod

230 785 314 815 non
345 776 519 816 avocata
554 772 711 816 dilectu
750 787 866 829 spem
907 771 1028 829 cepit,
1064 771 1164 815 dum
1202 774 1290 815 tam
1329 775 1546 829 potentem

229 835 402 880 haberet
433 835 593 892 ducem,
624 836 779 881 fenoris
811 835 1103 894 expugnandi:
1145 835 1351 893 patribuS‚
1378 851 1431 880 ne
1462 851 1544 894 quo

229 903 403 944 externo
434 904 593 945 terrore
625 905 900 945 avocarentur
929 900 1055 944 animi
1083 899 1134 944 ab
1164 899 1358 944 sanandis
1386 899 1546 944 domes-

193 969 213 1006 3
229 963 324 1008 ticis
345 964 477 1009 malis.
539 964 681 1023 Igitur
702 981 830 1023 quum
858 981 955 1022 pars
976 968 1154 1022 utraque
1176 965 1310 1008 acrior
1331 963 1543 1022 aliquanto

230 1032 374 1072 coorta
408 1031 532 1082 esset,
568 1030 655 1087 jam
689 1029 733 1073 in
766 1030 1046 1087 propinquum
1081 1031 1292 1073 certamen
1325 1028 1468 1073 aderat
1501 1032 1545 1073 et

230 1091 444 1138 Manlius:
478 1093 681 1137 advocata
711 1093 881 1141 domum
908 1093 1027 1152 plebe
1058 1108 1152 1138 cum
1183 1093 1440 1151 principibus
1471 1109 1545 1138 no-

229 1156 459 1201 vandarum
485 1173 623 1202 rerum
652 1158 836 1202 interdiu
862 1162 1075 1217 noctuque
1106 1158 1277 1202 consilia
1307 1158 1440 1216 agitat
1461 1158 1544 1218 ple-

228 1220 320 1265 nior
341 1222 553 1280 aliquanto
575 1223 807 1267 animorum
827 1223 1065 1281 irarumque
1086 1238 1207 1281 quain
1235 1226 1358 1266 antea
1378 1222 1516 1266 fuerat
1534 1238 1543 1266 τ

227 1285 332 1329 iram
373 1286 618 1332 accenderat
658 1288 886 1346 ignominia
924 1303 1068 1332 recens
1103 1288 1148 1331 in
1187 1288 1324 1331 animo
1360 1287 1412 1331 ad
1448 1303 1545 1332 con-

228 1350 442 1394 tumeliam
483 1351 714 1410 inexperto,
758 1353 930 1410 spiritus
972 1351 1109 1405 dabat,
1149 1351 1260 1410 quod
1299 1366 1376 1399 nec
1417 1367 1543 1396 ausus

229 1419 341 1458 esset
371 1414 480 1459 idem
511 1416 555 1459 in
586 1432 630 1460 se
662 1416 842 1461 dictator
873 1416 984 1475 quod
1014 1416 1058 1460 in
1090 1416 1240 1473 Spurio
1270 1415 1414 1460 Maeh'o
1445 1416 1544 1460 Cin-

229 1479 421 1524 cinnatus
452 1480 678 1527 Quinctius
709 1481 890 1534 fecisset,
919 1485 961 1525 et
992 1479 1251 1525 vinculorum
1283 1495 1454 1525 suorum
1481 1481 1545 1525 in-

229 1542 380 1591 vidiam
397 1559 481 1587 non
497 1544 678 1589 dictator
700 1545 821 1589 modo
843 1545 1072 1589 abdicando
1090 1544 1340 1589 dictaturam
1362 1545 1542 1604 fugisset

187 1613 210 1648 4
229 1607 302 1651 sed
322 1623 374 1652 ne
404 1613 574 1653 senatus
598 1609 763 1667 quidem
795 1610 1003 1654 sustinere
1035 1609 1254 1665 potuisset.
1315 1609 1398 1653 His
1420 1610 1544 1654 simul

228 1672 397 1717 inflatus
429 1673 785 1732 exacerbatusque
815 1675 901 1732 jam
932 1689 1005 1732 per
1036 1689 1080 1718 se
1111 1689 1306 1718 accensos
1341 1673 1543 1724 incitabat

227 1737 358 1794 plebis
395 1738 579 1782 animos:
624 1738 896 1796 “Quousque
935 1738 1105 1782 tandem
1145 1737 1390 1797 ignorabitis
1432 1739 1542 1783 vires

227 1807 402 1855 vestras,
428 1818 530 1860 quas
551 1806 704 1847 natura
729 1819 782 1848 ne
804 1803 946 1848 beluas
968 1803 1134 1860 quidem
1162 1803 1354 1860 ignorare
1375 1802 1541 1848 voluit?

227 1871 446 1911 numerate
477 1867 638 1921 saltem,
673 1871 776 1921 quot
817 1867 897 1926 ipsi
928 1867 1019 1912 sitis
1051 1870 1153 1925 quot
1184 1866 1441 1912 adversarios
1473 1867 1542 1912 ha-

227 1929 374 1982 beatis,
398 1932 490 1984 etsi,
514 1932 550 1976 si
570 1932 728 1991 singuli
748 1932 934 1990 singulos
957 1931 1195 1990 adgressuri
1215 1932 1376 1985 essetis,
1399 1935 1543 1977 tamen

227 1995 365 2039 acrius
399 1996 611 2041 crederem
646 2013 720 2042 vos
751 2012 828 2054 pro
858 1997 1052 2042 libertate
1083 2011 1206 2055 quam
1241 1996 1333 2040 illos
1365 2012 1440 2055 pro
1472 1996 1542 2041 do-

226 2060 452 2105 minatione
474 2065 708 2106 certaturos
726 2081 735 2106 :
769 2066 873 2121 quot
894 2062 1001 2106 enim
1024 2061 1196 2106 clientes
1218 2061 1327 2106 circa
1351 2061 1541 2120 singulos

226 2123 366 2168 fuistis
391 2129 600 2182 patronOS,
622 2130 687 2170 tot
708 2141 821 2171 nunc
848 2125 1046 2170 adversus
1068 2141 1198 2170 uuum
1223 2125 1387 2170 hostem
1408 2126 1538 2171 eritis.

226 2187 449 2234 Ostendite
471 2189 594 2234 modo
615 2190 794 2235 bellum:
827 2205 970 2249 pacem
990 2189 1209 2235 habebitis.
1259 2189 1444 2234 Videant
1464 2205 1539 2235 vos

187 2256 393 2312 5paratos
433 2253 486 2302 ad
514 2254 627 2302 vim:
661 2258 736 2319 jus
777 2255 859 2319 ipsi
896 2255 1127 2303 remittent.
1187 2253 1442 2302 Audendum
1471 2259 1538 2305 est
