1649 2452
572 89 689 128 LIB.
715 87 840 128 VIII.
875 90 990 128 1—3.
1368 88 1442 127 481

130 144 172 176 A.
189 143 226 175 c.
242 142 334 182 aaa]

129 199 254 244 quam
273 182 464 229 beneficii
482 182 770 228 Romanorum
798 182 1000 228 memoria
1024 181 1271 239 praesentior
1298 183 1447 225 erat—-

126 248 193 294 his
221 263 267 293 se
293 247 419 292 armis
447 247 699 292 abstinuere.
758 247 826 292 Ex
852 247 918 292 his
947 249 1014 291 tot
1044 245 1208 303 populis
1239 260 1351 288 unus
1381 245 1444 288 in-
1461 249 1484 288 7

127 328 233 371 gens
257 312 466 366 exercitus
494 311 600 356 duce
630 311 785 356 Latino
813 311 918 356 fines
948 309 1198 355 Samnitium
1228 309 1445 366 ingressus

127 376 222 435 plus
238 364 577 434 populationibus
595 391 719 434 quam
736 376 891 434 proeliis
908 374 1086 420 cladium
1103 373 1228 418 fecit.
1251 376 1294 417 et
1308 388 1447 431 quam-

129 455 253 500 quam
273 440 508 498 superiores
529 440 825 485 certaminibus
854 439 998 484 Latini
1025 442 1160 491 erant,
1183 437 1297 482 haud
1323 437 1445 481 inviti

126 520 182 550 ne
211 505 363 563 saepius
393 504 676 549 dimicandum
710 504 821 548 foret
857 519 958 562 agro
993 502 1179 547 hostium
1216 516 1446 546 excessere.

128 568 183 613 Id
201 569 383 626 spatium
406 569 663 614 Samnitibus
685 568 830 613 datum
858 573 924 613 est
954 568 1134 612 Romam
1161 566 1324 623 legatos
1353 565 1485 609 mit-8

126 632 272 678 tendi:
305 633 379 691 qui
413 649 543 692 quum
578 632 765 678 adissent
806 641 1010 684 senatum,
1049 630 1269 689 conquesti
1304 629 1449 674 eadem

127 712 174 742 se
209 697 433 742 foederatos
473 697 563 755 pati
603 713 694 755 quae
731 697 875 741 hostes
917 699 1059 741 essent
1095 695 1219 753 passi,
1255 693 1448 752 precibus

127 761 280 806 infimis
320 762 478 820 petiere
518 766 566 806 ut
607 762 710 806 satis
751 761 954 806 ducerent
996 759 1178 804 Romani
1214 758 1447 811 victoriam,

128 841 254 884 quam
286 826 542 871 Samnitibus
573 841 624 871 ex
657 826 870 884 Campano
908 825 1177 884 Sidicinoque
1212 824 1336 869 hoste
1370 823 1450 868 eri-

126 890 332 949 puissent,
370 906 423 935 ne
462 891 573 935 vinci
613 891 739 935 etiam
780 906 824 935 se
865 890 917 935 ab
957 889 1239 949 ignavissimis
1282 888 1448 947 populis

127 955 337 999 sinerent:
369 955 546 1000 Latinos
578 955 907 1014 Campanosque,
937 956 974 999 si
1001 955 1079 1000 sub
1110 954 1268 998 ditione
1299 952 1446 1010 populi

127 1019 310 1064 Romani
336 1024 489 1075 essent,
510 1035 586 1077 pro
614 1020 788 1077 imperio
817 1024 1006 1078 arcerent
1036 1019 1213 1063 Samniti
1241 1033 1355 1077 agro,
1380 1018 1447 1062 sin

125 1083 347 1141 imperium
376 1083 622 1136 abnuerent,
644 1085 768 1129 armis
797 1087 1049 1129 coercerent.
1110 1083 1326 1127 Adversus
1354 1082 1444 1127 haec
1464 1092 1484 1127 9

125 1162 374 1205 responsum
402 1163 553 1206 anceps
582 1148 739 1202 datum,
764 1149 861 1207 quia
886 1149 1008 1193 fateri
1037 1148 1208 1206 pigebat
1229 1148 1273 1191 in
1301 1151 1442 1205 potes-

124 1213 217 1256 tate
255 1227 333 1256 sua
366 1212 543 1257 Latinos
572 1216 664 1270 jam
702 1229 787 1258 non
827 1229 930 1266 esse,
965 1213 1253 1271 timebantque
1287 1227 1342 1256 ne
1380 1227 1446 1255 ar-

125 1275 293 1334 guendo
328 1276 636 1323 abalienarent:
670 1279 972 1336 Campanorum
1008 1278 1129 1322 aliam
1163 1276 1446 1322 conditionem

126 1356 230 1394 esse,
254 1341 327 1400 qui
345 1358 430 1387 non
450 1342 606 1388 foedere
633 1343 707 1388 sed
727 1359 801 1401 per
822 1343 1075 1387 deditionem
1095 1343 1140 1386 in
1165 1341 1289 1386 fidem
1310 1343 1448 1386 venis-

127 1410 234 1458 sent,
255 1406 398 1464 itaque
423 1407 658 1465 Campanos
690 1423 764 1452 seu
785 1408 916 1452 velint
943 1407 1174 1452 seu¹nolint
1203 1407 1444 1465 quieturos:

125 1471 171 1516 in
201 1471 356 1516 foedere
385 1471 542 1517 Latino
571 1473 675 1518 nihil
705 1489 808 1526 esse,
843 1473 955 1532 quod
984 1473 1137 1518 bellare
1168 1488 1263 1518 cum
1295 1472 1446 1531 quibus

127 1535 210 1594 ipsi
242 1536 372 1581 velint
408 1537 720 1594 prohibeantur.
785 1538 912 1586 Quod
945 1553 1192 1596 responsum
1228 1539 1337 1582 sicut
1373 1537 1531 1591 du-(3)

125 1599 218 1644 bios
240 1601 461 1656 Samnites,
483 1601 681 1660 quidnam
707 1603 918 1648 facturum
946 1603 1186 1647 Romanum
1214 1606 1446 1656 censerent,

127 1664 298 1719 dimisit,
325 1665 387 1710 ita
414 1665 649 1724 Campanos
681 1671 798 1711 metu
827 1666 1090 1720 abalienavit,
1122 1666 1300 1711 Latinos
1331 1666 1447 1710 velut

125 1729 231 1774 nihil
251 1732 341 1787 jam
371 1745 456 1774 non
481 1730 807 1777 concedentibus
839 1732 1043 1776 Romanis
1074 1732 1299 1776 ferociores
1330 1730 1446 1775 fecit.

126 1794 281 1853 Itaque
321 1810 397 1852 per
436 1797 618 1853 speciem
659 1796 858 1840 adversus
896 1797 1105 1840 Samnites
1141 1795 1238 1840 belli
1273 1796 1486 1852 parandi2

127 1859 274 1904 crebra
293 1859 468 1904 concilia
494 1859 726 1905 indicentes
754 1860 946 1905 omnibus
975 1860 1354 1905 consultationibus
1384 1860 1447 1904 in-

126 1927 194 1968 ter
223 1939 269 1968 se
303 1925 512 1983 principes
544 1925 709 1969 occulte
740 1925 981 1969 Romanum
1013 1924 1249 1983 coquebant
1280 1924 1447 1969 bellum.

126 1988 245 2033 Huic
271 2004 438 2047 quoque
465 1989 666 2034 adversus
694 1996 929 2034 servatores
951 2005 1049 2034 suos
1077 1989 1186 2034 bello
1209 1989 1447 2047 Campanus
1465 2003 1488 2038 3

127 2052 286 2099 aderat.
347 2053 431 2099 Sed
461 2070 712 2114 quamquam
733 2054 869 2098 omnia
892 2054 943 2099 de
973 2054 1183 2099 industria
1202 2053 1448 2099 celabantur
1462 2069 1488 2106 4

126 2117 430 2177 —priusquam
459 2123 730 2164 moverentur
756 2119 951 2175 Romani,
976 2118 1070 2164 tolli
1097 2118 1150 2164 ab
1178 2121 1303 2178 tergo
1334 2119 1451 2163 Satn-

127 2181 260 2228 nitem
289 2183 457 2228 hostem
489 2183 891 2229 volebant—tamen
921 2199 998 2242 per
1032 2183 1235 2242 quosdam
1273 2183 1450 2241 privatis

127 2245 321 2304 hospitiis
360 2248 826 2300 necessitudinibusque
867 2249 1114 2308 conjunctos
1155 2247 1312 2294 indicia
1351 2263 1450 2297 con⁴

193 2328 262 2353 mv,
278 2329 368 2354 msr.
389 2332 416 2356 1.
765 2327 783 2358 I
808 2328 821 2358 1
