1649 2452
542 59 656 100 LIB.
686 60 785 99 VII.
815 60 985 98 40—42.
1348 60 1430 103 47⁷

98 116 394 205 ἒᾶιὲἷιῖῗέὲετθ
423 155 574 201 solitus
603 157 729 210 esset,
761 156 968 202 tueretur.
1029 152 1117 198 Sibi
1156 167 1202 198 se
1231 153 1427 211 privatim
1443 160 1469 197 2

97 223 203 268 nihil
223 237 383 275 cavere,
405 221 516 266 nolle
538 220 637 266 alibi
657 236 781 279 quam
797 223 842 266 in
863 220 1103 267 innocentia
1118 235 1235 277 spem
1250 219 1431 265 habere:

97 287 302 333 militibus
329 285 574 338 cavendum,
605 287 719 344 quod
746 286 859 344 apud
885 289 1027 345 patres
1055 284 1183 330 semel
1210 283 1322 342 plebi
1349 285 1428 329 ite-

96 368 190 398 rum
226 350 464 410 legionibus
501 355 675 396 cautum
715 351 784 406 sit,
820 367 872 396 ne
912 349 1052 396 fraudi
1085 350 1267 394 secessio
1302 355 1427 394 esset·

98 416 303 466 Quinctio
316 415 554 461 collaudato
571 416 735 461 caeteris
752 416 909 461 bonum
926 415 1111 460 animum
1127 413 1282 459 habere
1295 414 1426 472 jussis
1447 419 1468 454 3

97 481 281 526 dictator
307 496 416 540 equo
444 481 578 525 citato
607 480 659 525 ad
687 480 833 526 urbem
863 484 1058 525 revectus
1089 478 1334 524 auctoribus
1355 494 1427 536 pa-

96 545 234 590 tribus
254 545 355 590 tulit
378 545 430 590 ad
452 545 654 603 populum
674 545 719 589 in
739 545 834 590 luco
856 544 1061 598 Petelino,
1083 559 1137 588 ne
1158 544 1227 589 cui
1246 543 1427 588 militum

96 609 235 655 fraudi
256 610 437 655 secessio
461 615 604 654 esset:
635 610 771 654 oravit
799 610 924 654 etiam
953 609 1064 654 bona
1081 609 1204 654 venia
1226 608 1424 662 Quirites,

96 690 150 720 ne
190 675 285 733 quis
326 690 415 720 eam
458 690 546 719 rem
575 678 675 732 J'oco
712 675 874 719 seriove
910 675 1104 733 cuiquam
1140 672 1425 731 exprobraret.

96 739 187 784 Lex
218 755 386 798 quoque
413 743 578 784 saerata
604 739 796 784 militaris
825 739 911 783 lata
938 743 1018 792 est,
1052 753 1105 783 ne
1132 740 1255 795 cujus
1282 737 1425 782 militis
1443 742 1469 779 4

97 805 247 862 scripti
276 820 430 848 nomen
456 804 538 848 msi
564 804 657 860 ipso
684 803 854 848 volente
885 803 1120 848 deleretur:
1153 802 1427 860 additumque

96 868 181 927 legi
208 884 261 913 ne
291 869 397 927 quis,
426 867 499 913 ubi
526 867 723 912 tribunus
755 868 934 912 militum
963 868 1127 921 fuisset,
1157 871 1256 925 post
1284 882 1334 912 ea
1360 881 1427 910 or·

97 933 242 978 diuum
261 933 411 978 ductor
427 936 552 977 esset.
595 932 649 976 Id
669 936 842 991 propter
863 933 911 977 P.
930 933 1143 977 Salonium
1167 931 1426 989 postulatum
1443 935 1466 972 5

96 1002 163 1043 est
192 997 244 1042 ab
272 998 516 1071 conjuratiS,
548 997 620 1055 qui
650 997 822 1042 alternis
851 1012 982 1056 prope
1011 998 1130 1042 annis
1158 1001 1202 1041 et
1229 996 1426 1042 tribunus

95 1062 276 1106 militum
304 1067 348 1107 et
377 1062 536 1119 primus
567 1063 758 1107 centurio
787 1067 890 1116 erat,
924 1078 1048 1120 quem
1076 1077 1189 1107 nunc
1209 1062 1333 1120 primi
1354 1061 1428 1120 pili

96 1127 333 1186 appellant:
365 1127 466 1172 huic
496 1127 650 1171 infensi
676 1127 831 1172 milites
861 1132 993 1181 erant,
1027 1127 1140 1185 quod
1167 1142 1332 1185 semper
1359 1127 1426 1170 ad-

96 1197 290 1238 versatus
326 1192 446 1237 novis
478 1192 662 1236 consiliis
698 1192 850 1237 fuisset
881 1196 1009 1250 atque
1039 1192 1249 1250 particeps
1281 1206 1425 1236 eorum

96 1261 208 1302 esset
250 1257 323 1316 qui
363 1257 414 1302 ab
450 1257 647 1302 Lautulis
683 1257 906 1315 fugissent.
983 1257 1136 1316 Itaque
1177 1273 1307 1315 quum
1346 1256 1425 1302 hoc
1443 1264 1466 1300 6

94 1338 225 1366 unum
258 1325 430 1380 propter
467 1321 680 1366 Salonium
719 1322 770 1367 ab
807 1325 958 1367 senatu
993 1337 1078 1366 non
1112 1322 1422 1380 impetraretur,

94 1390 187 1431 tum
226 1387 419 1430 Salonius
455 1386 694 1431 obtestatus
731 1391 873 1445 patres
910 1387 1184 1445 conscriptos,
1217 1402 1270 1431 ne
1301 1402 1423 1431 suuni

93 1451 292 1499 honorem
326 1451 457 1509 pluris
489 1467 613 1509 quam
642 1451 907 1496 concordiam
938 1452 1122 1496 civitatis
1152 1451 1421 1504 aestimarent,

93 1516 277 1574 perpulit
308 1520 358 1559 ut
389 1515 432 1560 id
463 1531 628 1574 quoque
658 1515 853 1560 ferretur.
915 1517 1056 1574 AEque
1088 1517 1298 1574 impotens
1329 1521 1478 1574 pos-7.

93 1583 278 1627 tulatum
308 1582 390 1626 fuit
411 1587 461 1626 ut
482 1581 533 1626 de
555 1582 764 1640 stipendio
786 1583 1252 1641 equitum—merebant
1283 1587 1423 1628 autem

92 1647 249 1706 triplex
271 1662 320 1692 ea
347 1651 746 1704 tempestate—aera
774 1647 1056 1700 demerentur,
1081 1647 1193 1706 quod
1215 1647 1424 1692 adversati

93 1712 376 1770 conjurationi
404 1711 597 1755 fuissent.
659 1711 822 1756 Praeter
848 1712 938 1757 haec
965 1713 1132 1756 invenio
1161 1712 1273 1770 apud
1301 1728 1424 1771 quos·
1438 1711 1545 1764 (42)

94 1776 204 1830 dam,
236 1777 288 1821 L.
314 1776 547 1821 Genucium
579 1775 797 1820 tribunum
828 1776 961 1834 plebis
993 1777 1141 1821 tulisse
1178 1776 1230 1820 ad
1260 1776 1424 1835 plebem

92 1856 146 1885 ne
177 1841 366 1885 fenerare
397 1839 568 1885 liceret:
601 1840 704 1884 item
743 1840 833 1885 aliis
865 1841 976 1899 plebi
1009 1842 1125 1886 scitis
1158 1845 1341 1897 cautum,
1372 1857 1425 1886 ne

95 1905 188 1964 quis
220 1904 399 1949 eundem
430 1904 726 1963 magistratum
761 1905 874 1949 intra
909 1905 1050 1950 decem
1089 1921 1220 1951 annos
1257 1913 1424 1962 caperet

94 1985 178 2014 neu
209 1969 315 2014 duos
347 1969 622 2027 magistratus
654 1984 738 2013 uno
770 1985 878 2014 anno
909 1975 1076 2029 gereret
1106 1972 1253 2030 utique
1280 1971 1424 2016 liceret

94 2034 287 2080 consules
315 2033 461 2079 ambos
491 2033 678 2092 plebeios
700 2035 856 2079 creari:
890 2051 983 2093 quae
1004 2035 1040 2081 si
1067 2037 1208 2081 omnia
1227 2052 1425 2082 concessa

94 2102 195 2144 sunt
223 2098 350 2157 plebi,
382 2102 555 2157 apparet
584 2099 699 2143 haud
727 2115 877 2158 parvas
905 2101 1015 2146 vires
1043 2101 1321 2148 defectionem
1351 2102 1424 2146 ha-

95 2162 251 2208 buisse.
313 2163 420 2208 Aliis
442 2163 660 2208 annalibus
681 2164 893 2222 proditum
917 2169 994 2219 est,
1017 2181 1152 2225 neque
1174 2167 1418 2211 dictatorem
1438 2176 1462 2213 2

100 2227 313 2274 Valerium
344 2227 503 2274 :lictum
532 2228 608 2274 sed
635 2244 709 2287 per
740 2229 932 2277 consules
960 2246 1122 2277 omnem
1152 2247 1242 2279 rem
1272 2236 1421 2289 actam,
