1649 2452
565 74 677 114 LIB.
708 74 808 113 v.11
838 76 902 122 30,
923 76 990 114 31.
1361 77 1439 116 461

121 129 302 231 (1αὲᾖὲ
304 128 502 215 {mnium
521 183 724 228 generum
748 167 1033 214 multitudinis
1053 171 1334 228 prosequente
1353 184 1444 216 cre-

120 235 222 281 ditis
254 250 331 280 nos
364 234 477 279 illino
514 234 738 292 profectOS,
773 250 896 306 quam
928 233 1068 278 omnia
1097 239 1290 278 votorum
1322 234 1442 280 lacri-

119 314 364 358 marumque
392 299 515 357 plena
542 298 776 356 reliquisse,
804 299 848 342 in
876 313 958 357 qua
987 313 1099 342 nunc
1127 299 1440 356 exspectatione

119 369 314 409 senatum
346 363 631 421 populumque
666 363 926 420 Campanum
966 363 1168 421 conjuges
1203 362 1440 421 liberosque

117 432 288 473 nostros
329 429 456 472 esse?
500 431 613 472 stare
648 442 813 472 omnem
854 426 1167 472 multitudinem
1203 425 1256 470 ad
1296 432 1440 485 portas

118 492 228 537 viam
258 492 357 536 111110
386 491 592 536 ferentem
622 496 941 549 prospectantes
971 494 1134 536 certum
1164 490 1310 547 habeo,
1340 491 1441 549 quid

115 556 198 601 illis
237 571 330 610 nos,
370 561 512 614 patres
553 556 793 614 conscripti,
837 555 1025 600 sollicitis
1066 570 1114 600 ac
1158 555 1439 612 pendentibus

117 620 265 665 animis
295 621 538 665 renuntiare
575 620 788 679 jubeatis:
832 620 1011 664 alterum
1040 635 1287 677 responsum
1330 620 1440 664 salu-

115 689 202 730 tem
238 685 456 729 victoriam
489 685 625 730 lucem
661 700 709 730 ac
744 684 995 737 libertatem,
1026 684 1440 729 alterum—ominari

115 749 279 802 horreo,
312 765 404 808 quae
435 749 571 794 ferat:
613 749 786 807 proinde
818 754 866 793 ut
903 754 977 794 aut
1018 748 1069 793 de
1100 749 1251 793 vestris
1281 748 1438 793 futuris

116 814 240 858 sociis
281 818 409 870 atque
441 813 584 858 amicis
621 818 695 858 aut
735 829 943 872 nusquam
982 813 1079 858 ullis
1120 813 1277 859 futuris
1316 813 1437 858 nobis

114 877 363 922 consulite.''

169 941 384 987 Submotis
401 941 550 987 deinde
570 942 721 1002 legatis
738 959 868 1002 quum
883 942 1101 988 consultus
1123 951 1294 988 senatus
1310 946 1434 997 esset,
1453 944 1553 999 (31)

112 1007 196 1052 etsi
215 1023 378 1066 magnae
399 1008 508 1065 parti
531 1007 632 1052 urbs
657 1009 840 1052 maxima
867 1008 1265 1067 opulentissimaque
1287 1008 1436 1064 Italiae,

112 1071 348 1116 uberrimus
379 1087 480 1130 ager
514 1072 703 1131 marique
735 1073 995 1132 propinquus
1027 1072 1080 1117 ad
1107 1073 1332 1118 varietates
1363 1089 1437 1118 an-

111 1151 233 1182 nonae
267 1136 465 1181 horreum
499 1137 643 1195 populi
685 1138 867 1183 Romani
907 1138 997 1182 sore
1028 1137 1261 1192 videbatur,
1293 1144 1434 1183 tamen

110 1204 234 1245 tanta
260 1201 446 1246 utilitate
477 1201 581 1246 fides
613 1202 825 1260 antiquior
852 1202 946 1258 fuit,
969 1201 1267 1260 responditque
1295 1202 1356 1246 ita
1382 1218 1435 1247 ex

113 1266 367 1311 anctoritate
408 1273 582 1311 senatus
623 1267 794 1312 consul:
840 1266 1052 1310 “Auxilio
1088 1282 1175 1320 vos,
1218 1267 1433 1325 Campani,

51 1351 60 1363 ,
111 1329 262 1388 dignos
289 1335 434 1375 censet
462 1335 648 1385 senatus,
680 1331 755 1376 sed
784 1332 845 1375 ita
873 1330 1087 1375 vobiscum
1116 1331 1341 1375 amicitiam
1373 1332 1436 1376 in-

109 1395 234 1440 stitui
273 1410 348 1454 par
377 1400 456 1450 est,
486 1411 540 1440 ne
581 1412 665 1455 qua
693 1397 904 1441 vetustior
944 1395 1127 1440 amicitia
1167 1411 1215 1440 ac
1256 1396 1434 1441 societas

108 1459 303 1504 violetur.
364 1460 573 1505 Samnites
602 1461 820 1506 nobiscum
848 1459 1005 1505 foedere
1030 1460 1171 1517 juncti
1199 1466 1326 1504 sunt:
1359 1461 1433 1505 ita·
1448 1468 1472 1504 2

108 1540 190 1583 que
217 1540 332 1569 arma
353 1524 453 1570 deos
484 1526 601 1583 prius
629 1541 753 1584 qnam
781 1525 973 1570 homines
998 1525 1205 1569 violatura
1233 1525 1434 1570 adversus

109 1589 318 1634 Samnites
340 1589 458 1634 vobis
485 1605 715 1663 negamus:
745 1590 919 1649 legatos,
944 1590 1054 1634 sicut
1084 1591 1147 1633 sas
1169 1593 1324 1647 jusque
1352 1596 1430 1644 est,

105 1653 160 1698 ad
200 1654 335 1699 socios
376 1659 504 1713 atque
544 1655 699 1700 amicos
739 1659 956 1712 precatum
996 1654 1226 1706 mittemus,
1259 1670 1312 1699 ne
1351 1671 1432 1713 qua

106 1718 226 1764 vobis
256 1719 320 1763 vis
360 1719 477 1763 fiat.”
536 1719 606 1764 Ad
636 1735 686 1764 ea
715 1719 908 1777 princeps
938 1718 1280 1777 legationis—sic
1321 1720 1429 1765 enim
1445 1732 1467 1768 3

105 1783 230 1828 domo
250 1783 494 1828 mandatum
523 1783 848 1829 adtulerant——“
864 1783 1046 1832 Quando
1075 1782 1271 1841 quidem''
1293 1783 1431 1856 inquit

104 1850 131 1873 “
144 1855 289 1893 nostra
308 1849 420 1893 tueri
443 1848 643 1894 adversus
664 1849 746 1892 vim
777 1853 905 1906 atque
926 1848 1119 1905 injuriam
1147 1847 1265 1905 justa
1283 1849 1327 1893 vi
1345 1864 1430 1894 non

105 1913 251 1965 vultis,
282 1917 424 1958 vestra
454 1919 570 1958 certe
601 1912 864 1958 defendetis:
905 1912 1047 1970 itaque
1078 1912 1277 1970 populum
1307 1913 1430 1958 Cam-

103 1993 260 2037 panum
281 1977 513 2037 urbemque
537 1978 909 2050 Capuam—agros
940 1975 1114 2021 delubra
1134 1976 1255 2021 deum
1289 1977 1430 2023 divina

103 2042 370 2101 humanaque
398 2042 642 2087 omnia—in
670 2045 868 2097 vestram,
903 2046 1046 2098 patres
1082 2042 1322 2100 conscripti,
1354 2058 1427 2101 po-

102 2107 275 2166 pulique
313 2107 497 2152 Romani
543 2106 747 2152 ditionem
787 2105 993 2162 declinam,
1032 2105 1238 2165 quidquid
1276 2106 1428 2154 deinde

104 2173 327 2229 patiemur,
369 2171 555 2217 dediticii
595 2172 727 2216 vestri
767 2171 960 2229 passuri?
948 2170 976 2190 ”
1056 2171 1144 2216 Sub
1185 2171 1274 2216 haec
1314 2171 1465 2218 dicta4

104 2249 251 2283 omnes
279 2251 429 2286 manus
458 2236 514 2283 ad
543 2236 737 2283 consules
766 2235 989 2283 tendentes
1018 2235 1131 2295 pleni
1162 2235 1428 2282 lacrimarum
