1649 2452
562 98 677 139 LIB.
704 98 807 140 VII.
838 99 981 142 7—10.
1353 105 1432 144 433

115 153 164 186 A.
180 153 220 186 c.
235 153 326 193 ssa]

117 195 340 253 cepissent,
366 193 675 238 revertentibus
705 192 802 237 inde
831 193 892 237 eis
921 193 1119 238 Tiburtes
1149 197 1294 253 portas
1322 196 1433 242 clau·

117 275 223 304 sere.
282 258 348 304 Ea
374 257 524 303 ultima
552 258 635 302 fuit
669 272 806 310 causa,
834 273 964 315 quum
991 258 1134 303 multae
1165 264 1265 304 ante
1296 263 1470 318 queri-2

115 323 266 369 moniae
294 322 409 367 ultro
440 322 630 380 citroque
658 324 830 378 jactatae
866 326 1019 377 essent,
1051 338 1126 367 cur
1155 339 1231 382 per
1268 325 1432 371 fetiales

115 387 242 432 rebus
262 387 454 446 repetitis
475 386 631 432 bellum
650 386 817 431 Tiburti
838 386 992 445 populo
1011 387 1280 434 indiceretur.
1330 390 1432 435 Dic·
1445 399 1468 435 3

115 456 295 497 tatorem
328 451 380 496 T.
402 451 653 500 Quinctium
686 451 879 495 Pennum
919 466 970 496 eo
1009 467 1119 497 anno
1158 453 1289 498 fuisse
1329 455 1432 499 satis

115 520 282 562 constat
312 520 356 561 et
385 517 634 574 magistrum
669 516 860 574 equitum
901 516 989 561 Ser.
1012 517 1253 562 Cornelium
1294 518 1434 564 Malu-

113 581 344 640 ginensem.
424 581 574 625 Macer
612 580 802 625 Licinius
842 581 1106 625 comitiorum
1145 582 1471 629 habendornm4

113 660 241 690 causa
261 650 304 690 et
325 644 376 690 ab
397 645 561 690 Licinio
582 644 751 689 consule
778 644 938 689 dictum
960 645 1117 699 scribit,
1141 647 1251 703 quia,
1274 647 1434 706 collega

113 709 283 754 comitia
317 709 426 754 bello
461 709 657 767 praeferre
690 709 916 754 festinante
949 714 999 754 ut
1034 711 1300 756 continuaret
1335 727 1435 757 con-

113 773 310 830 sulatum,
331 773 496 819 obviam
517 773 701 818 eundum
728 789 865 831 pravae
887 775 1109 831 cupiditati
1136 775 1291 820 fuerit:
1325 792 1434 835 quae-

113 839 195 884 sita
215 854 264 884 ea
284 839 452 897 propria
471 838 637 883 familiae
653 839 744 883 laus
765 838 962 883 leviorem
986 844 1200 885 auctorem
1221 840 1433 886 Licinium

111 904 239 948 facit:
272 919 401 962 quum
428 903 683 948 mentionem
710 904 800 960 ejus
822 903 882 947 rei
912 904 956 947 in
976 904 1278 949 vetustioribus
1307 920 1434 950 anna-

111 967 222 1013 libus
261 967 420 1012 nullam
458 968 681 1020 inveniam,
717 968 851 1026 magis
891 972 941 1011 ut
981 967 1080 1013 belli
1121 969 1268 1014 Gallici
1306 985 1433 1014 causa

111 1032 360 1077 dictatorem
380 1036 568 1077 creatum
590 1031 769 1077 arbitrer
795 1032 968 1077 inclinat
995 1033 1171 1078 animus.
1231 1033 1296 1078 Eo
1317 1040 1431 1079 certe
1446 1047 1468 1084 5

110 1112 220 1142 anno
242 1096 351 1142 Galli
371 1096 425 1141 ad
443 1097 620 1141 tertium
646 1096 828 1155 lapidem
850 1096 1008 1141 Salaria
1027 1098 1095 1142 via
1121 1102 1239 1143 trans
1260 1104 1432 1157 pontem

110 1162 287 1207 Anienis
307 1165 447 1206 castra
467 1161 664 1206 habuere.
724 1161 923 1206 Dictator
947 1177 1075 1220 quum
1103 1163 1314 1208 tumultus
1336 1163 1433 1209 Gal·
1450 1167 1475 1205 6

110 1227 181 1272 lici
202 1241 328 1272 causa
337 1226 553 1285 justitium
574 1226 787 1279 edixisset,
803 1241 947 1271 omnes
957 1227 1149 1283 juniores
1171 1232 1433 1274 sacramento

110 1291 253 1350 adegit
273 1291 519 1350 ingentique
540 1291 730 1336 exercitu
745 1291 797 1336 ab
818 1291 922 1336 urbe
943 1291 1159 1349 profectus
1179 1293 1224 1336 in
1239 1292 1432 1339 citeriore

110 1356 202 1414 ripa
220 1356 396 1400 Anienis
417 1361 556 1400 castra
576 1355 730 1414 posuit.
791 1355 906 1400 Pons
936 1356 981 1400 in
1000 1356 1138 1401 medio
1158 1361 1249 1401 erat
1269 1358 1431 1402 neutris
1449 1370 1468 1410 7

111 1436 207 1465 eum
239 1419 532 1477 rumpentibus
562 1435 615 1465 ne
645 1420 810 1464 timoris
850 1419 1051 1465 indicium
1090 1425 1217 1466 esset.
1277 1422 1468 1474 Proeliag

111 1485 163 1530 de
190 1485 432 1544 occupando
459 1489 589 1543 ponte
617 1485 763 1530 crebra
790 1490 923 1538 erant,
950 1501 1040 1539 nec,
1068 1487 1140 1545 qui
1170 1490 1430 1545 poterentur,

109 1550 282 1595 incertis
321 1549 481 1594 viribus
522 1550 625 1594 satis
665 1549 846 1594 discerni
885 1554 1065 1608 poterat.
1126 1551 1235 1595 Tum
1281 1552 1465 1602 eximia9

110 1615 296 1673 corporis
326 1614 616 1673 magnitudine
649 1614 696 1659 in
724 1629 905 1659 vacuum
946 1619 1118 1673 pontem
1150 1615 1295 1660 Gallus
1336 1632 1431 1674 pro-

110 1680 237 1724 cessit
267 1684 311 1724 et
343 1684 546 1737 quantum
576 1679 758 1723 maxima
781 1694 883 1724 voce
911 1679 1051 1737 potuit
1080 1680 1260 1728 “Quem
1289 1681 1430 1726 nunc''

111 1744 248 1802 inquit
272 1744 449 1788 “Roma
468 1743 606 1788 virum
633 1743 910 1788 fortissimum
934 1743 1073 1797 habet,
1103 1744 1303 1802 procedat
1333 1761 1431 1803 age-

110 1807 210 1852 dum
241 1807 294 1852 ad
321 1823 518 1866 pugnam,
547 1812 596 1852 ut
625 1812 771 1852 noster
801 1807 979 1852 duorum
1009 1813 1187 1853 eventus
1218 1810 1429 1862 ostendat,

109 1878 207 1916 utra
227 1888 331 1931 gens
358 1873 467 1918 bello
498 1873 554 1917 sit
580 1871 767 1917 melior?
829 1872 918 1916 Diu
945 1873 1056 1916 inter
1082 1873 1284 1930 primores
1306 1877 1539 1933 juve-(10)

110 1953 212 1981 num
239 1938 527 1981 Romanorum
551 1936 765 1982 silentium
793 1936 887 1989 fuit,
911 1952 1040 1994 quum
1068 1943 1112 1981 et
1139 1937 1322 1983 abnuere
1342 1953 1428 1983 cer-

109 2006 253 2046 tamen
272 2007 522 2046 vererentur
548 2009 592 2046 et
619 2001 873 2059 praecipuam
902 2006 1057 2045 sortem
1087 2001 1261 2060 periculi
1287 2011 1428 2060 petere

109 2065 281 2110 nollent.
342 2066 451 2110 Tum
481 2066 529 2110 Τ.
551 2065 739 2110 Manlius
769 2065 822 2110 L.
843 2065 966 2120 filius,
988 2065 1059 2124 qui
1089 2070 1253 2125 patrem
1282 2082 1308 2112 a
1332 2078 1466 2115 vex-2

109 2130 249 2174 atione
270 2129 496 2175 tribunicia
514 2130 812 2184 vindicaverat,
830 2145 883 2175 ex
903 2129 1087 2176 statione
1107 2130 1161 2176 ad
1181 2131 1429 2177 dictatorem

110 2195 277 2253 pergit:
309 2198 333 2219 ‘⁶
350 2195 523 2254 Injussu
553 2195 658 2239 tuo'’
694 2196 845 2253 inquit,
885 2199 912 2217 “
931 2195 1172 2251 imperator,
1207 2202 1329 2241 extra
1361 2212 1428 2241 or-

111 2257 251 2304 dinem
276 2275 504 2317 numquam
531 2261 818 2319 pugnaverim,
845 2275 931 2306 non
962 2260 1001 2306 si
1025 2266 1184 2307 certam
1209 2261 1429 2309 Victoriam

167 2336 240 2366 m.
252 2338 349 2364 msr.
366 2340 391 2368 1.
703 2335 730 2370 F
751 2323 776 2370 f
