1649 2452
498 63 610 104 LIB.
638 63 763 103 VIII.
794 66 858 112 24,
879 65 945 105 25.
1306 65 1385 104 613

69 120 111 151 Α.
130 118 165 150 c.
183 117 276 158 aaa]

65 162 134 204 oet
173 159 276 204 deis.
333 157 449 203 Novi
487 157 637 203 deinde
676 159 869 204 eonsules
904 158 1028 217 jussu
1066 157 1213 216 populi
1254 173 1382 216 quum
1401 167 1425 204 2

65 223 279 268 misissent
298 223 373 280 qui
391 221 624 268 indicerent
647 223 904 269 Samnitibus
933 222 1101 275 bellum,
1124 223 1206 280 ipsi
1225 226 1383 280 majore

65 290 224 333 conatu
257 302 381 345 quam
421 286 624 332 adversus
658 287 826 333 Graeeos
862 294 1014 333 cuncta
1048 286 1264 345 parabant.
1324 287 1382 332 Et
1403 296 1426 332 3

64 351 149 396 alia
172 365 282 395 nova
305 349 410 395 nihil
429 354 524 395 tum
551 351 689 395 animo
717 352 802 397 tale
830 350 1090 410 agitantibus
1115 357 1384 395 accesserunt

64 415 243 460 auxilia:
275 414 440 460 Lucani
466 418 593 474 atque
613 415 754 474 Apuli,
784 415 936 474 quibus
966 414 1166 474 gentibus
1197 415 1303 460 nihil
1331 416 1385 460 ad

64 495 158 526 eam
187 479 297 524 diem
326 493 422 524 cum
452 479 645 524 Romano
676 480 831 538 populo
860 480 1012 533 fuerat,
1038 479 1084 524 in
1111 479 1236 524 fidem
1262 495 1384 524 vene-

63 547 165 590 runt
187 558 302 588 arma
321 544 515 602 virosque
542 544 595 588 ad
615 544 769 589 bellum
790 544 1034 602 pollicentes
1053 563 1062 588 :
1098 543 1255 589 foedere
1283 559 1384 602 ergo

64 609 109 654 in
129 608 352 653 amicitiam
373 608 545 666 accepti.
606 608 765 653 Eodem
788 614 977 666 tempore
998 608 1124 653 etiam
1145 608 1189 652 in
1216 608 1384 653 Samnio
1403 620 1428 656 4

64 688 131 718 res
152 687 350 730 prospere
371 677 517 730 gesta:
548 673 632 717 tria
651 672 805 731 oppida
830 673 876 717 in
904 675 1157 730 potestatem
1177 677 1384 717 venerunt

65 736 204 782 Allifae
234 736 394 781 Callifae
434 736 648 790 Rufrium,
681 737 871 795 aliusque
902 751 1002 794 ager
1031 736 1165 794 primo
1201 736 1385 781 adventu

65 800 284 847 consulum
322 800 446 859 longe
485 801 653 859 lateque
695 804 761 845 est
800 804 1080 859 pervastatus.
1144 801 1244 845 Hoc
1277 801 1424 846 bello5

67 871 152 910 tam
177 880 375 923 prospere
402 865 622 910 commisso
650 864 772 909 alteri
799 880 965 924 quoque
993 865 1113 920 bello,
1136 879 1218 923 quo
1251 865 1386 910 Graeei

65 928 376 984 obsidebantur,
393 929 480 987 jam
500 929 594 972 finis
616 930 773 973 aderat.
835 929 948 974 Nam
969 934 1247 988 praeterquam
1275 929 1386 988 quod
1402 939 1426 976 6

65 994 320 1051 intersaeptis
341 993 611 1037 munimentis
632 993 816 1038 hostium
845 1009 942 1052 pars
970 994 1080 1051 parti
1101 993 1262 1038 abscisa
1281 1002 1389 1052 erat,

65 1057 240 1102 foediora
266 1057 479 1115 aliquanto
506 1058 618 1102 intra
648 1072 791 1102 muros
821 1057 887 1103 his
919 1058 1070 1116 quibus
1101 1057 1236 1102 hostis
1265 1059 1385 1104 terri-

65 1121 186 1166 tabat
206 1121 486 1180 patiebautur‚
510 1126 553 1166 et
584 1122 700 1166 velut
728 1123 886 1180 captia
913 1122 1088 1166 suismet
1116 1123 1217 1180 ipsis
1245 1123 1389 1180 praesi-

67 1185 146 1231 diis
176 1185 349 1244 indigna
373 1187 461 1242 jam
490 1186 631 1231 liberis
663 1201 829 1245 quoque
860 1201 908 1231 ae
939 1186 1189 1244 conjugibus
1220 1191 1263 1231 et
1295 1203 1386 1245 quae

67 1253 284 1308 captarum
325 1250 494 1295 urbium
534 1254 723 1295 extrema
757 1257 857 1295 sunt
892 1250 1172 1309 patiebantur.
1234 1251 1385 1308 Itaque
1404 1262 1426 1302 7

68 1330 197 1373 quum
228 1318 272 1359 et
303 1329 328 1359 a
356 1315 539 1359 Tarento
570 1320 614 1360 et
645 1330 669 1359 a
701 1315 958 1360 Samnitibus
990 1315 1101 1359 fama
1132 1319 1244 1359 esset
1278 1331 1388 1360 nova

67 1379 223 1424 auxilia
259 1383 450 1433 ventura,
491 1380 741 1425 Samnitium
782 1380 876 1438 plus
917 1395 1041 1438 quam
1081 1380 1236 1425 vellent
1275 1381 1388 1425 intra

66 1445 221 1490 moenia
248 1461 340 1490 esse
366 1446 579 1500 rebantur,
610 1447 930 1491 Tarentinorum
954 1450 1225 1503 juventutem
1253 1448 1387 1492 Graeci

68 1509 250 1563 Graeoos,
272 1510 387 1554 haud
406 1511 546 1555 minus
567 1526 642 1569 per
663 1526 767 1569 quos
790 1512 966 1555 Samniti
993 1511 1242 1570 Nolanoque
1263 1527 1387 1570 quam

67 1578 118 1619 ut
154 1574 358 1619 Romanis
393 1574 586 1619 hostibus
621 1576 879 1630 resisterent,
911 1576 1223 1632 exspectabant.
1284 1577 1428 1624 Pos—8

67 1641 205 1683 tremo
239 1638 496 1684 levissimum
531 1639 735 1684 malorum
766 1639 923 1684 deditio
955 1639 1006 1684 ad
1043 1640 1256 1685 Romanos
1285 1641 1387 1685 visa.

70 1702 292 1748 Charilaus
313 1708 357 1748 et
378 1703 620 1762 Nymphius
641 1704 852 1762 principes
873 1704 1057 1749 civitatis
1085 1705 1388 1750 communicato
1405 1717 1429 1754 9

0 1806 3 1835 ;
68 1767 180 1812 inter
211 1783 258 1812 se
292 1768 466 1812 consilio
502 1771 642 1826 partes
674 1767 728 1812 ad
756 1783 844 1812 rem
880 1768 1081 1826 agendam
1119 1768 1308 1822 divisere,
1339 1774 1390 1813 ut

0 1841 1 1856 *
70 1831 178 1876 alter
213 1831 267 1876 ad
301 1832 597 1890 imperatorem
631 1832 919 1877 Romanorum
955 1832 1254 1891 transfugeret,
1285 1833 1391 1878 alter

70 1895 320 1941 subsisteret
347 1896 401 1941 ad
426 1895 692 1955 praebendam
719 1899 999 1954 opportunam
1028 1897 1199 1942 consilio
1229 1897 1390 1945 urbem.

72 1959 293 2005 Charilaus
327 1960 410 2005 fuit
446 1961 518 2017 qui
559 1960 610 2005 ad
650 1960 879 2005 Publilium
918 1961 1138 2006 Philonem
1176 1963 1292 2007 venit
1332 1967 1388 2017 et,
1409 1973 1458 2011 10

71 2024 186 2083 quod
204 2023 361 2069 bonum
382 2025 569 2069 faustum
591 2025 691 2069 felix
711 2025 1020 2082 Palaepolitanis
1041 2026 1278 2085 populoque
1305 2027 1392 2072 Ro-

74 2103 199 2133 mano
229 2093 355 2142 esset,
386 2089 553 2134 tradere
583 2105 628 2134 se
664 2090 722 2134 ait
758 2089 909 2134 moenia
943 2091 1166 2135 statuisse:
1198 2106 1248 2136 eo
1278 2091 1391 2137 facto

77 2155 223 2197 utrum
242 2152 295 2198 ab
315 2168 361 2198 se
381 2152 548 2212 prodita
575 2169 629 2198 an
656 2158 822 2198 servata
849 2154 986 2212 patria
1013 2155 1216 2208 videatur,
1238 2155 1283 2200 in
1308 2156 1391 2201 fide

76 2215 269 2262 Romana
295 2217 481 2275 positum
507 2233 624 2265 esse:
657 2218 735 2264 sibi
763 2218 959 2276 privatim
989 2234 1066 2265 nec
1095 2219 1249 2282 pacisci
1275 2221 1398 2284 quic-

132 2297 201 2331 m.
220 2297 302 2331 arn
327 2300 357 2334 ι.
726 2285 787 2334 ῐιῑ
