<?xml version="1.0" encoding="UTF-8"?>
<!DOCTYPE html PUBLIC "-//W3C//DTD XHTML 1.0 Transitional//EN"
    "http://www.w3.org/TR/xhtml1/DTD/xhtml1-transitional.dtd">
<html xmlns="http://www.w3.org/1999/xhtml" xml:lang="en" lang="en">
 <head>
  <title>
</title>
<meta http-equiv="Content-Type" content="text/html;charset=utf-8" />
  <meta name='ocr-system' content='tesseract 3.04.00' />
  <meta name='ocr-capabilities' content='ocr_page ocr_carea ocr_par ocr_line ocrx_word'/>
</head>
<body>
  <div class='ocr_page' id='page_1' title='image "./historiarum00livyuoft_0308.png"; bbox 0 0 1649 2452; ppageno 0'>
   <div class='ocr_carea' id='block_1_1' title="bbox 244 124 1553 220">
    <p class='ocr_par' dir='ltr' id='par_1_1' title="bbox 244 124 1553 220">
     <span class='ocr_line' id='line_1_1' title="bbox 244 124 1553 220; baseline -0.002 -51"><span class='ocrx_word' id='word_1_1' title='bbox 244 130 320 170; x_wconf 83' lang='lat'>658</span> <span class='ocrx_word' id='word_1_2' title='bbox 554 124 599 165; x_wconf 91' lang='grc' dir='ltr'>Τ.</span> <span class='ocrx_word' id='word_1_3' title='bbox 632 124 783 164; x_wconf 90' lang='lat' dir='ltr'><strong>LIVII</strong></span> <span class='ocrx_word' id='word_1_4' title='bbox 814 124 1234 167; x_wconf 84' lang='lat' dir='ltr'>HISTORIARUM</span> <span class='ocrx_word' id='word_1_5' title='bbox 1359 179 1404 220; x_wconf 65' lang='grc' dir='ltr'>μ</span> <span class='ocrx_word' id='word_1_6' title='bbox 1435 181 1460 214; x_wconf 77' lang='lat' dir='ltr'>c</span> <span class='ocrx_word' id='word_1_7' title='bbox 1490 179 1553 215; x_wconf 62' lang='lat'>298</span> 
     </span>
    </p>
   </div>
   <div class='ocr_carea' id='block_1_2' title="bbox 204 219 1567 409">
    <p class='ocr_par' dir='ltr' id='par_1_2' title="bbox 204 219 1567 409">
     <span class='ocr_line' id='line_1_2' title="bbox 243 219 1567 280; baseline -0.001 -12"><span class='ocrx_word' id='word_1_8' title='bbox 243 222 441 268; x_wconf 83' lang='lat' dir='ltr'>concione</span> <span class='ocrx_word' id='word_1_9' title='bbox 475 220 642 275; x_wconf 77' lang='lat' dir='ltr'>auditae,</span> <span class='ocrx_word' id='word_1_10' title='bbox 673 222 717 265; x_wconf 91' lang='lat' dir='ltr'>et</span> <span class='ocrx_word' id='word_1_11' title='bbox 749 219 970 278; x_wconf 84' lang='lat' dir='ltr'><strong>quadridui</strong></span> <span class='ocrx_word' id='word_1_12' title='bbox 1009 221 1312 280; x_wconf 66' lang='lat' dir='ltr'>supplicatione</span> <span class='ocrx_word' id='word_1_13' title='bbox 1353 222 1567 280; x_wconf 86' lang='lat' dir='ltr'>publicum</span> 
     </span>
     <span class='ocr_line' id='line_1_3' title="bbox 204 285 1563 345; baseline 0.002 -17"><span class='ocrx_word' id='word_1_14' title='bbox 204 291 227 328; x_wconf 87' lang='grc'>2</span> <span class='ocrx_word' id='word_1_15' title='bbox 243 287 443 345; x_wconf 85' lang='lat' dir='ltr'>gaudium</span> <span class='ocrx_word' id='word_1_16' title='bbox 474 285 648 343; x_wconf 85' lang='lat' dir='ltr'>privatis</span> <span class='ocrx_word' id='word_1_17' title='bbox 679 285 830 330; x_wconf 89' lang='lat' dir='ltr'>studiis</span> <span class='ocrx_word' id='word_1_18' title='bbox 859 286 1115 331; x_wconf 83' lang='lat' dir='ltr'>celebratum</span> <span class='ocrx_word' id='word_1_19' title='bbox 1142 291 1221 331; x_wconf 88' lang='lat' dir='ltr'>est.</span> <span class='ocrx_word' id='word_1_20' title='bbox 1282 285 1377 331; x_wconf 91' lang='lat' dir='ltr'>Nec</span> <span class='ocrx_word' id='word_1_21' title='bbox 1405 286 1563 345; x_wconf 90' lang='lat' dir='ltr'>populo</span> 
     </span>
     <span class='ocr_line' id='line_1_4' title="bbox 247 350 1565 409; baseline -0.001 -13"><span class='ocrx_word' id='word_1_22' title='bbox 247 352 440 396; x_wconf 86' lang='lat' dir='ltr'>Romano</span> <span class='ocrx_word' id='word_1_23' title='bbox 469 364 620 408; x_wconf 79' lang='lat' dir='ltr'>magna</span> <span class='ocrx_word' id='word_1_24' title='bbox 647 350 781 393; x_wconf 87' lang='lat' dir='ltr'>solum</span> <span class='ocrx_word' id='word_1_25' title='bbox 810 350 884 394; x_wconf 85' lang='lat' dir='ltr'>sed</span> <span class='ocrx_word' id='word_1_26' title='bbox 912 353 1224 409; x_wconf 84' lang='lat' dir='ltr'>peropportuna</span> <span class='ocrx_word' id='word_1_27' title='bbox 1249 350 1376 395; x_wconf 86' lang='lat' dir='ltr'>etiam</span> <span class='ocrx_word' id='word_1_28' title='bbox 1405 365 1454 395; x_wconf 87' lang='lat' dir='ltr'>ea</span> <span class='ocrx_word' id='word_1_29' title='bbox 1478 351 1565 396; x_wconf 82' lang='lat' dir='ltr'>vic-</span> 
     </span>
    </p>
   </div>
   <div class='ocr_carea' id='block_1_3' title="bbox 241 409 1649 474">
    <p class='ocr_par' dir='ltr' id='par_1_3' title="bbox 241 409 1649 480">
     <span class='ocr_line' id='line_1_5' title="bbox 241 409 1649 474; baseline 0 -14"><span class='ocrx_word' id='word_1_30' title='bbox 241 416 351 460; x_wconf 87' lang='lat' dir='ltr'>toria</span> <span class='ocrx_word' id='word_1_31' title='bbox 371 415 466 469; x_wconf 83' lang='lat' dir='ltr'>fuit,</span> <span class='ocrx_word' id='word_1_32' title='bbox 489 415 586 472; x_wconf 78' lang='lat' dir='ltr'>quia</span> <span class='ocrx_word' id='word_1_33' title='bbox 607 429 680 471; x_wconf 84' lang='lat' dir='ltr'>per</span> <span class='ocrx_word' id='word_1_34' title='bbox 701 413 810 458; x_wconf 85' lang='lat' dir='ltr'>idem</span> <span class='ocrx_word' id='word_1_35' title='bbox 838 415 947 459; x_wconf 83' lang='lat' dir='ltr'>forte</span> <span class='ocrx_word' id='word_1_36' title='bbox 969 419 1135 474; x_wconf 82' lang='lat' dir='ltr'>tempus</span> <span class='ocrx_word' id='word_1_37' title='bbox 1162 415 1386 460; x_wconf 69' lang='lat' dir='ltr'>rebellasse</span> <span class='ocrx_word' id='word_1_38' title='bbox 1412 415 1566 460; x_wconf 87' lang='lat' dir='ltr'>Etrus·</span> <span class='ocrx_word' id='word_1_39' title='bbox 1648 409 1649 467; x_wconf 52' lang='grc' dir='ltr'>ζ</span> 
     </span>
    </p>
   </div>
   <div class='ocr_carea' id='block_1_4' title="bbox 199 478 1565 2345">
    <p class='ocr_par' dir='ltr' id='par_1_4' title="bbox 199 478 1565 2345">
     <span class='ocr_line' id='line_1_6' title="bbox 243 478 1563 538; baseline -0.001 -13"><span class='ocrx_word' id='word_1_40' title='bbox 243 495 313 525; x_wconf 87' lang='lat' dir='ltr'>cos</span> <span class='ocrx_word' id='word_1_41' title='bbox 355 479 543 524; x_wconf 86' lang='lat' dir='ltr'>adlatum</span> <span class='ocrx_word' id='word_1_42' title='bbox 579 482 670 523; x_wconf 86' lang='lat' dir='ltr'>est:</span> <span class='ocrx_word' id='word_1_43' title='bbox 713 478 881 524; x_wconf 80' lang='lat' dir='ltr'>subibat</span> <span class='ocrx_word' id='word_1_44' title='bbox 913 480 1114 538; x_wconf 77' lang='lat' dir='ltr'>cogitatio</span> <span class='ocrx_word' id='word_1_45' title='bbox 1150 481 1347 533; x_wconf 90' lang='lat' dir='ltr'>animum,</span> <span class='ocrx_word' id='word_1_46' title='bbox 1383 495 1563 538; x_wconf 88' lang='lat' dir='ltr'>quonam</span> 
     </span>
     <span class='ocr_line' id='line_1_7' title="bbox 242 542 1565 603; baseline 0.001 -15"><span class='ocrx_word' id='word_1_47' title='bbox 242 543 366 588; x_wconf 88' lang='lat' dir='ltr'>modo</span> <span class='ocrx_word' id='word_1_48' title='bbox 387 542 616 588; x_wconf 89' lang='lat' dir='ltr'>tolerabilis</span> <span class='ocrx_word' id='word_1_49' title='bbox 637 542 784 588; x_wconf 86' lang='lat' dir='ltr'>futura</span> <span class='ocrx_word' id='word_1_50' title='bbox 803 543 976 588; x_wconf 85' lang='lat' dir='ltr'>Etruria</span> <span class='ocrx_word' id='word_1_51' title='bbox 997 544 1147 590; x_wconf 89' lang='lat' dir='ltr'>fuisset</span> <span class='ocrx_word' id='word_1_52' title='bbox 1164 543 1316 603; x_wconf 90' lang='lat' dir='ltr'>siquid</span> <span class='ocrx_word' id='word_1_53' title='bbox 1335 545 1380 588; x_wconf 90' lang='lat' dir='ltr'>in</span> <span class='ocrx_word' id='word_1_54' title='bbox 1398 543 1565 589; x_wconf 90' lang='lat' dir='ltr'>Samnio</span> 
     </span>
     <span class='ocr_line' id='line_1_8' title="bbox 243 607 1565 666; baseline 0.001 -14"><span class='ocrx_word' id='word_1_55' title='bbox 243 608 407 652; x_wconf 86' lang='lat' dir='ltr'>adversi</span> <span class='ocrx_word' id='word_1_56' title='bbox 437 607 660 660; x_wconf 86' lang='lat' dir='ltr'>evenisset,</span> <span class='ocrx_word' id='word_1_57' title='bbox 694 622 786 665; x_wconf 84' lang='lat' dir='ltr'>quae</span> <span class='ocrx_word' id='word_1_58' title='bbox 818 607 1105 666; x_wconf 88' lang='lat' dir='ltr'>conjuratione</span> <span class='ocrx_word' id='word_1_59' title='bbox 1135 608 1385 653; x_wconf 81' lang='lat' dir='ltr'>Samnitium</span> <span class='ocrx_word' id='word_1_60' title='bbox 1413 609 1565 664; x_wconf 85' lang='lat' dir='ltr'>erecta,</span> 
     </span>
     <span class='ocr_line' id='line_1_9' title="bbox 243 670 1563 730; baseline 0 -14"><span class='ocrx_word' id='word_1_61' title='bbox 243 672 439 730; x_wconf 89' lang='lat' dir='ltr'>quoniam</span> <span class='ocrx_word' id='word_1_62' title='bbox 471 670 593 716; x_wconf 88' lang='lat' dir='ltr'>ambo</span> <span class='ocrx_word' id='word_1_63' title='bbox 624 670 818 716; x_wconf 88' lang='lat' dir='ltr'>consules</span> <span class='ocrx_word' id='word_1_64' title='bbox 855 671 1074 729; x_wconf 83' lang='lat' dir='ltr'>omnisque</span> <span class='ocrx_word' id='word_1_65' title='bbox 1105 672 1297 716; x_wconf 79' lang='lat' dir='ltr'>Romana</span> <span class='ocrx_word' id='word_1_66' title='bbox 1326 671 1388 716; x_wconf 87' lang='lat' dir='ltr'>vis</span> <span class='ocrx_word' id='word_1_67' title='bbox 1420 686 1563 716; x_wconf 83' lang='lat' dir='ltr'>aversa</span> 
     </span>
     <span class='ocr_line' id='line_1_10' title="bbox 245 735 1563 795; baseline 0 -15"><span class='ocrx_word' id='word_1_68' title='bbox 245 736 287 780; x_wconf 90' lang='lat' dir='ltr'>in</span> <span class='ocrx_word' id='word_1_69' title='bbox 323 735 538 780; x_wconf 81' lang='lat' dir='ltr'>Samnium</span> <span class='ocrx_word' id='word_1_70' title='bbox 574 738 700 788; x_wconf 85' lang='lat' dir='ltr'>esset,</span> <span class='ocrx_word' id='word_1_71' title='bbox 737 736 1054 794; x_wconf 83' lang='lat' dir='ltr'>occupationem</span> <span class='ocrx_word' id='word_1_72' title='bbox 1094 736 1238 795; x_wconf 85' lang='lat' dir='ltr'>populi</span> <span class='ocrx_word' id='word_1_73' title='bbox 1272 736 1454 781; x_wconf 88' lang='lat' dir='ltr'>Romani</span> <span class='ocrx_word' id='word_1_74' title='bbox 1487 750 1563 794; x_wconf 89' lang='lat' dir='ltr'>pro</span> 
     </span>
     <span class='ocr_line' id='line_1_11' title="bbox 201 799 1561 857; baseline 0 -12"><span class='ocrx_word' id='word_1_75' title='bbox 201 804 222 839; x_wconf 89' lang='lat'><strong>3</strong></span> <span class='ocrx_word' id='word_1_76' title='bbox 242 801 459 845; x_wconf 82' lang='lat' dir='ltr'>occasione</span> <span class='ocrx_word' id='word_1_77' title='bbox 499 799 728 845; x_wconf 86' lang='lat' dir='ltr'>rebellandi</span> <span class='ocrx_word' id='word_1_78' title='bbox 768 800 998 846; x_wconf 85' lang='lat' dir='ltr'>habuisset.</span> <span class='ocrx_word' id='word_1_79' title='bbox 1059 801 1315 857; x_wconf 82' lang='lat' dir='ltr'>Legationes</span> <span class='ocrx_word' id='word_1_80' title='bbox 1356 801 1561 845; x_wconf 89' lang='lat' dir='ltr'>sociorum</span> 
     </span>
     <span class='ocr_line' id='line_1_12' title="bbox 242 863 1565 922; baseline 0 -13"><span class='ocrx_word' id='word_1_81' title='bbox 242 880 266 908; x_wconf 84' lang='lat' dir='ltr'>a</span> <span class='ocrx_word' id='word_1_82' title='bbox 296 864 360 909; x_wconf 90' lang='lat' dir='ltr'>M.</span> <span class='ocrx_word' id='word_1_83' title='bbox 382 864 516 908; x_wconf 87' lang='lat' dir='ltr'>Atilio</span> <span class='ocrx_word' id='word_1_84' title='bbox 546 867 729 921; x_wconf 86' lang='lat' dir='ltr'>praetore</span> <span class='ocrx_word' id='word_1_85' title='bbox 755 863 801 908; x_wconf 90' lang='lat' dir='ltr'>in</span> <span class='ocrx_word' id='word_1_86' title='bbox 831 867 1022 909; x_wconf 88' lang='lat' dir='ltr'>senatum</span> <span class='ocrx_word' id='word_1_87' title='bbox 1053 864 1304 910; x_wconf 84' lang='lat' dir='ltr'>introductae</span> <span class='ocrx_word' id='word_1_88' title='bbox 1335 864 1565 922; x_wconf 87' lang='lat' dir='ltr'>quereban-</span> 
     </span>
     <span class='ocr_line' id='line_1_13' title="bbox 241 927 1564 987; baseline 0 -14"><span class='ocrx_word' id='word_1_89' title='bbox 241 932 325 982; x_wconf 89' lang='lat' dir='ltr'>tur,</span> <span class='ocrx_word' id='word_1_90' title='bbox 347 928 415 973; x_wconf 90' lang='lat' dir='ltr'>uri</span> <span class='ocrx_word' id='word_1_91' title='bbox 442 943 490 973; x_wconf 89' lang='lat' dir='ltr'>ac</span> <span class='ocrx_word' id='word_1_92' title='bbox 518 928 677 974; x_wconf 86' lang='lat' dir='ltr'>vastari</span> <span class='ocrx_word' id='word_1_93' title='bbox 704 943 827 986; x_wconf 88' lang='lat' dir='ltr'>agros</span> <span class='ocrx_word' id='word_1_94' title='bbox 856 945 880 972; x_wconf 87' lang='lat' dir='ltr'>a</span> <span class='ocrx_word' id='word_1_95' title='bbox 907 929 1094 973; x_wconf 85' lang='lat' dir='ltr'>finitimis</span> <span class='ocrx_word' id='word_1_96' title='bbox 1124 928 1330 982; x_wconf 87' lang='lat' dir='ltr'>Etruscis,</span> <span class='ocrx_word' id='word_1_97' title='bbox 1353 927 1466 987; x_wconf 91' lang='lat' dir='ltr'>quod</span> <span class='ocrx_word' id='word_1_98' title='bbox 1492 927 1564 974; x_wconf 92' lang='lat' dir='ltr'>de·</span> 
     </span>
     <span class='ocr_line' id='line_1_14' title="bbox 241 992 1562 1052; baseline 0.001 -15"><span class='ocrx_word' id='word_1_99' title='bbox 241 993 419 1038; x_wconf 88' lang='lat' dir='ltr'>sciscere</span> <span class='ocrx_word' id='word_1_100' title='bbox 459 1008 484 1036; x_wconf 82' lang='lat' dir='ltr'>a</span> <span class='ocrx_word' id='word_1_101' title='bbox 523 992 679 1051; x_wconf 89' lang='lat' dir='ltr'>populo</span> <span class='ocrx_word' id='word_1_102' title='bbox 716 993 908 1038; x_wconf 89' lang='lat' dir='ltr'>Romano</span> <span class='ocrx_word' id='word_1_103' title='bbox 947 993 1119 1046; x_wconf 90' lang='lat' dir='ltr'>nollent,</span> <span class='ocrx_word' id='word_1_104' title='bbox 1157 992 1562 1052; x_wconf 83' lang='lat' dir='ltr'>obtestabanturque</span> 
     </span>
     <span class='ocr_line' id='line_1_15' title="bbox 242 1058 1559 1116; baseline 0 -14"><span class='ocrx_word' id='word_1_105' title='bbox 242 1061 383 1114; x_wconf 83' lang='lat' dir='ltr'>patres</span> <span class='ocrx_word' id='word_1_106' title='bbox 413 1058 672 1115; x_wconf 86' lang='lat' dir='ltr'>conscriptos</span> <span class='ocrx_word' id='word_1_107' title='bbox 703 1061 753 1102; x_wconf 89' lang='lat' dir='ltr'>ut</span> <span class='ocrx_word' id='word_1_108' title='bbox 775 1073 819 1102; x_wconf 91' lang='lat' dir='ltr'>se</span> <span class='ocrx_word' id='word_1_109' title='bbox 847 1073 872 1102; x_wconf 87' lang='lat' dir='ltr'>a</span> <span class='ocrx_word' id='word_1_110' title='bbox 891 1058 934 1102; x_wconf 87' lang='lat' dir='ltr'>vi</span> <span class='ocrx_word' id='word_1_111' title='bbox 955 1061 1081 1116; x_wconf 88' lang='lat' dir='ltr'>atque</span> <span class='ocrx_word' id='word_1_112' title='bbox 1107 1058 1261 1116; x_wconf 86' lang='lat' dir='ltr'>injuria</span> <span class='ocrx_word' id='word_1_113' title='bbox 1281 1058 1559 1102; x_wconf 89' lang='lat' dir='ltr'>communium</span> 
     </span>
     <span class='ocr_line' id='line_1_16' title="bbox 200 1121 1563 1180; baseline 0.002 -16"><span class='ocrx_word' id='word_1_114' title='bbox 200 1129 224 1164; x_wconf 81' lang='lat'>4</span> <span class='ocrx_word' id='word_1_115' title='bbox 242 1121 425 1166; x_wconf 87' lang='lat' dir='ltr'>hostium</span> <span class='ocrx_word' id='word_1_116' title='bbox 455 1124 711 1168; x_wconf 87' lang='lat' dir='ltr'>tutarentur.</span> <span class='ocrx_word' id='word_1_117' title='bbox 773 1122 1042 1180; x_wconf 85' lang='lat' dir='ltr'>Responsum</span> <span class='ocrx_word' id='word_1_118' title='bbox 1071 1122 1233 1180; x_wconf 85' lang='lat' dir='ltr'>legatis,</span> <span class='ocrx_word' id='word_1_119' title='bbox 1257 1137 1367 1167; x_wconf 84' lang='lat' dir='ltr'>curae</span> <span class='ocrx_word' id='word_1_120' title='bbox 1397 1121 1563 1167; x_wconf 87' lang='lat' dir='ltr'>senatui</span> 
     </span>
     <span class='ocr_line' id='line_1_17' title="bbox 241 1185 1561 1244; baseline 0.002 -14"><span class='ocrx_word' id='word_1_121' title='bbox 241 1186 433 1231; x_wconf 80' lang='lat' dir='ltr'>futurum</span> <span class='ocrx_word' id='word_1_122' title='bbox 472 1201 525 1230; x_wconf 88' lang='lat' dir='ltr'>ne</span> <span class='ocrx_word' id='word_1_123' title='bbox 566 1185 702 1231; x_wconf 89' lang='lat' dir='ltr'>socios</span> <span class='ocrx_word' id='word_1_124' title='bbox 742 1186 839 1231; x_wconf 89' lang='lat' dir='ltr'>fidei</span> <span class='ocrx_word' id='word_1_125' title='bbox 884 1203 970 1232; x_wconf 85' lang='lat' dir='ltr'>suae</span> <span class='ocrx_word' id='word_1_126' title='bbox 1009 1187 1243 1244; x_wconf 85' lang='lat' dir='ltr'>poeniteret,</span> <span class='ocrx_word' id='word_1_127' title='bbox 1284 1186 1561 1232; x_wconf 87' lang='lat' dir='ltr'>Etruscorum</span> 
     </span>
     <span class='ocr_line' id='line_1_18' title="bbox 240 1249 1560 1309; baseline 0.002 -15"><span class='ocrx_word' id='word_1_128' title='bbox 240 1266 368 1309; x_wconf 82' lang='lat' dir='ltr'>prope</span> <span class='ocrx_word' id='word_1_129' title='bbox 405 1249 512 1296; x_wconf 88' lang='lat' dir='ltr'>diem</span> <span class='ocrx_word' id='word_1_130' title='bbox 550 1249 724 1295; x_wconf 84' lang='lat' dir='ltr'>eandem</span> <span class='ocrx_word' id='word_1_131' title='bbox 764 1251 978 1296; x_wconf 81' lang='lat' dir='ltr'>fortunam</span> <span class='ocrx_word' id='word_1_132' title='bbox 1015 1265 1138 1308; x_wconf 88' lang='lat' dir='ltr'>quam</span> <span class='ocrx_word' id='word_1_133' title='bbox 1173 1251 1422 1295; x_wconf 88' lang='lat' dir='ltr'>Samnitium</span> <span class='ocrx_word' id='word_1_134' title='bbox 1456 1251 1560 1298; x_wconf 84' lang='lat' dir='ltr'>fore.</span> 
     </span>
     <span class='ocr_line' id='line_1_19' title="bbox 200 1314 1562 1374; baseline 0.003 -17"><span class='ocrx_word' id='word_1_135' title='bbox 200 1321 221 1357; x_wconf 88' lang='lat'><em>5</em></span> <span class='ocrx_word' id='word_1_136' title='bbox 243 1315 422 1374; x_wconf 84' lang='lat' dir='ltr'>Segnius</span> <span class='ocrx_word' id='word_1_137' title='bbox 454 1318 607 1368; x_wconf 85' lang='lat' dir='ltr'>tamen,</span> <span class='ocrx_word' id='word_1_138' title='bbox 639 1314 749 1373; x_wconf 93' lang='lat' dir='ltr'>quod</span> <span class='ocrx_word' id='word_1_139' title='bbox 782 1315 834 1359; x_wconf 84' lang='lat' dir='ltr'>ad</span> <span class='ocrx_word' id='word_1_140' title='bbox 865 1315 1081 1360; x_wconf 87' lang='lat' dir='ltr'>Etruriam</span> <span class='ocrx_word' id='word_1_141' title='bbox 1111 1314 1338 1369; x_wconf 86' lang='lat' dir='ltr'>adtinebat,</span> <span class='ocrx_word' id='word_1_142' title='bbox 1371 1318 1465 1360; x_wconf 89' lang='lat' dir='ltr'>acta</span> <span class='ocrx_word' id='word_1_143' title='bbox 1494 1331 1562 1362; x_wconf 89' lang='lat' dir='ltr'>res</span> 
     </span>
     <span class='ocr_line' id='line_1_20' title="bbox 240 1378 1564 1437; baseline 0.002 -13"><span class='ocrx_word' id='word_1_144' title='bbox 240 1383 363 1432; x_wconf 86' lang='lat' dir='ltr'>esset,</span> <span class='ocrx_word' id='word_1_145' title='bbox 402 1379 445 1424; x_wconf 90' lang='lat' dir='ltr'>ni</span> <span class='ocrx_word' id='word_1_146' title='bbox 487 1378 672 1424; x_wconf 77' lang='lat' dir='ltr'>Faliscos</span> <span class='ocrx_word' id='word_1_147' title='bbox 711 1394 888 1437; x_wconf 86' lang='lat' dir='ltr'>quoque,</span> <span class='ocrx_word' id='word_1_148' title='bbox 927 1379 998 1437; x_wconf 91' lang='lat' dir='ltr'>qui</span> <span class='ocrx_word' id='word_1_149' title='bbox 1038 1395 1112 1437; x_wconf 87' lang='lat' dir='ltr'>per</span> <span class='ocrx_word' id='word_1_150' title='bbox 1151 1379 1307 1424; x_wconf 83' lang='lat' dir='ltr'>multos</span> <span class='ocrx_word' id='word_1_151' title='bbox 1348 1395 1478 1424; x_wconf 87' lang='lat' dir='ltr'>annos</span> <span class='ocrx_word' id='word_1_152' title='bbox 1517 1380 1564 1426; x_wconf 86' lang='lat' dir='ltr'>in</span> 
     </span>
     <span class='ocr_line' id='line_1_21' title="bbox 240 1443 1560 1502; baseline 0.001 -14"><span class='ocrx_word' id='word_1_153' title='bbox 240 1445 422 1489; x_wconf 75' lang='lat' dir='ltr'>amicitia</span> <span class='ocrx_word' id='word_1_154' title='bbox 449 1444 629 1498; x_wconf 87' lang='lat' dir='ltr'>fuerant,</span> <span class='ocrx_word' id='word_1_155' title='bbox 652 1443 838 1488; x_wconf 83' lang='lat' dir='ltr'>adlatum</span> <span class='ocrx_word' id='word_1_156' title='bbox 864 1445 974 1489; x_wconf 84' lang='lat' dir='ltr'>foret</span> <span class='ocrx_word' id='word_1_157' title='bbox 1006 1459 1120 1488; x_wconf 89' lang='lat' dir='ltr'>arma</span> <span class='ocrx_word' id='word_1_158' title='bbox 1146 1444 1338 1489; x_wconf 87' lang='lat' dir='ltr'>Etruscis</span> <span class='ocrx_word' id='word_1_159' title='bbox 1353 1444 1560 1502; x_wconf 74' lang='lat' dir='ltr'>Junxisse.</span> 
     </span>
     <span class='ocr_line' id='line_1_22' title="bbox 199 1508 1562 1567; baseline -0.001 -12"><span class='ocrx_word' id='word_1_160' title='bbox 199 1519 222 1556; x_wconf 88' lang='lat'>6</span> <span class='ocrx_word' id='word_1_161' title='bbox 243 1511 384 1567; x_wconf 89' lang='lat' dir='ltr'>Hujus</span> <span class='ocrx_word' id='word_1_162' title='bbox 424 1508 715 1567; x_wconf 83' lang='lat' dir='ltr'>propinquitas</span> <span class='ocrx_word' id='word_1_163' title='bbox 758 1508 902 1566; x_wconf 86' lang='lat' dir='ltr'>populi</span> <span class='ocrx_word' id='word_1_164' title='bbox 943 1509 1056 1554; x_wconf 87' lang='lat' dir='ltr'>acuit</span> <span class='ocrx_word' id='word_1_165' title='bbox 1092 1524 1235 1553; x_wconf 87' lang='lat' dir='ltr'>curam</span> <span class='ocrx_word' id='word_1_166' title='bbox 1276 1508 1477 1566; x_wconf 85' lang='lat' dir='ltr'>patribus,</span> <span class='ocrx_word' id='word_1_167' title='bbox 1512 1511 1562 1554; x_wconf 89' lang='lat' dir='ltr'>ut</span> 
     </span>
     <span class='ocr_line' id='line_1_23' title="bbox 241 1572 1561 1632; baseline 0 -14"><span class='ocrx_word' id='word_1_168' title='bbox 241 1573 407 1618; x_wconf 84' lang='lat' dir='ltr'>sociales</span> <span class='ocrx_word' id='word_1_169' title='bbox 429 1572 657 1618; x_wconf 88' lang='lat' dir='ltr'>mittendos</span> <span class='ocrx_word' id='word_1_170' title='bbox 679 1572 731 1617; x_wconf 90' lang='lat' dir='ltr'>ad</span> <span class='ocrx_word' id='word_1_171' title='bbox 760 1588 827 1618; x_wconf 89' lang='lat' dir='ltr'>res</span> <span class='ocrx_word' id='word_1_172' title='bbox 856 1573 1103 1630; x_wconf 85' lang='lat' dir='ltr'>repetendas</span> <span class='ocrx_word' id='word_1_173' title='bbox 1132 1577 1379 1618; x_wconf 86' lang='lat' dir='ltr'>censerent:</span> <span class='ocrx_word' id='word_1_174' title='bbox 1409 1573 1561 1632; x_wconf 89' lang='lat' dir='ltr'>quibus</span> 
     </span>
     <span class='ocr_line' id='line_1_24' title="bbox 240 1637 1558 1696; baseline 0.001 -14"><span class='ocrx_word' id='word_1_175' title='bbox 240 1654 323 1682; x_wconf 87' lang='lat' dir='ltr'>non</span> <span class='ocrx_word' id='word_1_176' title='bbox 343 1637 518 1684; x_wconf 87' lang='lat' dir='ltr'>redditis</span> <span class='ocrx_word' id='word_1_177' title='bbox 547 1653 599 1682; x_wconf 79' lang='lat' dir='ltr'>cx</span> <span class='ocrx_word' id='word_1_178' title='bbox 621 1637 875 1683; x_wconf 84' lang='lat' dir='ltr'>auctoritate</span> <span class='ocrx_word' id='word_1_179' title='bbox 906 1642 1071 1695; x_wconf 86' lang='lat' dir='ltr'>patrum</span> <span class='ocrx_word' id='word_1_180' title='bbox 1092 1637 1215 1696; x_wconf 90' lang='lat' dir='ltr'>jussu</span> <span class='ocrx_word' id='word_1_181' title='bbox 1237 1637 1379 1696; x_wconf 89' lang='lat' dir='ltr'>populi</span> <span class='ocrx_word' id='word_1_182' title='bbox 1406 1637 1558 1683; x_wconf 90' lang='lat' dir='ltr'>bellum</span> 
     </span>
     <span class='ocr_line' id='line_1_25' title="bbox 240 1701 1557 1761; baseline -0.001 -13"><span class='ocrx_word' id='word_1_183' title='bbox 240 1703 412 1748; x_wconf 82' lang='lat' dir='ltr'>Faliscis</span> <span class='ocrx_word' id='word_1_184' title='bbox 452 1701 657 1747; x_wconf 90' lang='lat' dir='ltr'>indictum</span> <span class='ocrx_word' id='word_1_185' title='bbox 698 1705 776 1755; x_wconf 91' lang='lat' dir='ltr'>est,</span> <span class='ocrx_word' id='word_1_186' title='bbox 810 1702 1001 1761; x_wconf 89' lang='lat' dir='ltr'>jussique</span> <span class='ocrx_word' id='word_1_187' title='bbox 1042 1702 1233 1748; x_wconf 87' lang='lat' dir='ltr'>consules</span> <span class='ocrx_word' id='word_1_188' title='bbox 1274 1702 1428 1757; x_wconf 87' lang='lat' dir='ltr'>sortiri,</span> <span class='ocrx_word' id='word_1_189' title='bbox 1466 1708 1557 1748; x_wconf 80' lang='lat' dir='ltr'>uter</span> 
     </span>
     <span class='ocr_line' id='line_1_26' title="bbox 201 1766 1560 1815; baseline -0.002 -1"><span class='ocrx_word' id='word_1_190' title='bbox 201 1778 219 1815; x_wconf 82' lang='grc'>7</span> <span class='ocrx_word' id='word_1_191' title='bbox 239 1783 290 1813; x_wconf 84' lang='lat' dir='ltr'>ex</span> <span class='ocrx_word' id='word_1_192' title='bbox 322 1767 490 1812; x_wconf 89' lang='lat' dir='ltr'>Samnio</span> <span class='ocrx_word' id='word_1_193' title='bbox 522 1767 566 1811; x_wconf 90' lang='lat' dir='ltr'>in</span> <span class='ocrx_word' id='word_1_194' title='bbox 595 1766 810 1811; x_wconf 88' lang='lat' dir='ltr'>Etruriam</span> <span class='ocrx_word' id='word_1_195' title='bbox 841 1781 939 1811; x_wconf 90' lang='lat' dir='ltr'>cum</span> <span class='ocrx_word' id='word_1_196' title='bbox 969 1767 1157 1812; x_wconf 84' lang='lat' dir='ltr'>exercitu</span> <span class='ocrx_word' id='word_1_197' title='bbox 1187 1767 1400 1812; x_wconf 91' lang='lat' dir='ltr'>transiret.</span> <span class='ocrx_word' id='word_1_198' title='bbox 1461 1767 1560 1812; x_wconf 87' lang='lat' dir='ltr'>Jam</span> 
     </span>
     <span class='ocr_line' id='line_1_27' title="bbox 241 1829 1560 1877; baseline 0 -1"><span class='ocrx_word' id='word_1_199' title='bbox 241 1832 447 1877; x_wconf 89' lang='lat' dir='ltr'>Carvilius</span> <span class='ocrx_word' id='word_1_200' title='bbox 480 1831 643 1876; x_wconf 82' lang='lat' dir='ltr'>Veliam</span> <span class='ocrx_word' id='word_1_201' title='bbox 675 1834 718 1876; x_wconf 91' lang='lat' dir='ltr'>et</span> <span class='ocrx_word' id='word_1_202' title='bbox 750 1829 1041 1876; x_wconf 87' lang='lat' dir='ltr'>Palumbinum</span> <span class='ocrx_word' id='word_1_203' title='bbox 1081 1835 1125 1876; x_wconf 90' lang='lat' dir='ltr'>et</span> <span class='ocrx_word' id='word_1_204' title='bbox 1161 1831 1473 1876; x_wconf 83' lang='lat' dir='ltr'>Herculaneum</span> <span class='ocrx_word' id='word_1_205' title='bbox 1509 1846 1560 1876; x_wconf 84' lang='lat' dir='ltr'>ex</span> 
     </span>
     <span class='ocr_line' id='line_1_28' title="bbox 242 1895 1561 1954; baseline -0.001 -13"><span class='ocrx_word' id='word_1_206' title='bbox 242 1896 498 1941; x_wconf 85' lang='lat' dir='ltr'>Samnitibus</span> <span class='ocrx_word' id='word_1_207' title='bbox 531 1899 712 1954; x_wconf 86' lang='lat' dir='ltr'>ceperat,</span> <span class='ocrx_word' id='word_1_208' title='bbox 745 1895 908 1940; x_wconf 84' lang='lat' dir='ltr'>Veliam</span> <span class='ocrx_word' id='word_1_209' title='bbox 939 1896 1051 1941; x_wconf 88' lang='lat' dir='ltr'>intra</span> <span class='ocrx_word' id='word_1_210' title='bbox 1081 1910 1235 1954; x_wconf 87' lang='lat' dir='ltr'>paucos</span> <span class='ocrx_word' id='word_1_211' title='bbox 1267 1895 1367 1951; x_wconf 89' lang='lat' dir='ltr'>dies,</span> <span class='ocrx_word' id='word_1_212' title='bbox 1397 1895 1561 1940; x_wconf 79' lang='lat' dir='ltr'>Palum-</span> 
     </span>
     <span class='ocr_line' id='line_1_29' title="bbox 202 1959 1561 2019; baseline -0.001 -14"><span class='ocrx_word' id='word_1_213' title='bbox 202 1961 384 2006; x_wconf 84' lang='lat' dir='ltr'>Sbinum</span> <span class='ocrx_word' id='word_1_214' title='bbox 420 1960 565 2006; x_wconf 87' lang='lat' dir='ltr'>eodem</span> <span class='ocrx_word' id='word_1_215' title='bbox 602 1975 685 2019; x_wconf 90' lang='lat' dir='ltr'>quo</span> <span class='ocrx_word' id='word_1_216' title='bbox 726 1959 778 2004; x_wconf 83' lang='lat' dir='ltr'>ad</span> <span class='ocrx_word' id='word_1_217' title='bbox 813 1975 954 2005; x_wconf 87' lang='lat' dir='ltr'>muros</span> <span class='ocrx_word' id='word_1_218' title='bbox 996 1961 1184 2005; x_wconf 84' lang='lat' dir='ltr'>accessit.</span> <span class='ocrx_word' id='word_1_219' title='bbox 1246 1961 1315 2004; x_wconf 81' lang='lat' dir='ltr'>Ad</span> <span class='ocrx_word' id='word_1_220' title='bbox 1355 1959 1561 2005; x_wconf 82' lang='lat' dir='ltr'>Hercula-</span> 
     </span>
     <span class='ocr_line' id='line_1_30' title="bbox 241 2024 1560 2083; baseline -0.001 -12"><span class='ocrx_word' id='word_1_221' title='bbox 241 2042 365 2071; x_wconf 87' lang='lat' dir='ltr'>neum</span> <span class='ocrx_word' id='word_1_222' title='bbox 386 2026 510 2070; x_wconf 89' lang='lat' dir='ltr'>etiam</span> <span class='ocrx_word' id='word_1_223' title='bbox 534 2025 666 2082; x_wconf 84' lang='lat' dir='ltr'>signis</span> <span class='ocrx_word' id='word_1_224' title='bbox 688 2024 850 2070; x_wconf 82' lang='lat' dir='ltr'>collatis</span> <span class='ocrx_word' id='word_1_225' title='bbox 867 2024 1038 2083; x_wconf 85' lang='lat' dir='ltr'>ancipiti</span> <span class='ocrx_word' id='word_1_226' title='bbox 1059 2025 1204 2083; x_wconf 85' lang='lat' dir='ltr'>proelio</span> <span class='ocrx_word' id='word_1_227' title='bbox 1224 2028 1268 2070; x_wconf 86' lang='lat' dir='ltr'>et</span> <span class='ocrx_word' id='word_1_228' title='bbox 1289 2040 1383 2070; x_wconf 88' lang='lat' dir='ltr'>cum</span> <span class='ocrx_word' id='word_1_229' title='bbox 1404 2025 1560 2082; x_wconf 84' lang='lat' dir='ltr'>majore</span> 
     </span>
     <span class='ocr_line' id='line_1_31' title="bbox 241 2088 1559 2148; baseline -0.001 -14"><span class='ocrx_word' id='word_1_230' title='bbox 241 2106 317 2135; x_wconf 84' lang='lat' dir='ltr'>sua</span> <span class='ocrx_word' id='word_1_231' title='bbox 354 2106 476 2148; x_wconf 89' lang='lat' dir='ltr'>quam</span> <span class='ocrx_word' id='word_1_232' title='bbox 513 2089 698 2134; x_wconf 88' lang='lat' dir='ltr'>hostium</span> <span class='ocrx_word' id='word_1_233' title='bbox 735 2089 902 2148; x_wconf 86' lang='lat' dir='ltr'>jactura</span> <span class='ocrx_word' id='word_1_234' title='bbox 941 2089 1177 2135; x_wconf 85' lang='lat' dir='ltr'>dimicavit:</span> <span class='ocrx_word' id='word_1_235' title='bbox 1219 2089 1369 2134; x_wconf 84' lang='lat' dir='ltr'>castris</span> <span class='ocrx_word' id='word_1_236' title='bbox 1410 2088 1559 2134; x_wconf 89' lang='lat' dir='ltr'>deinde</span> 
     </span>
     <span class='ocr_line' id='line_1_32' title="bbox 241 2151 1559 2213; baseline 0.001 -14"><span class='ocrx_word' id='word_1_237' title='bbox 241 2155 389 2212; x_wconf 85' lang='lat' dir='ltr'>positis</span> <span class='ocrx_word' id='word_1_238' title='bbox 410 2154 614 2200; x_wconf 86' lang='lat' dir='ltr'>moenibus</span> <span class='ocrx_word' id='word_1_239' title='bbox 636 2154 797 2200; x_wconf 82' lang='lat' dir='ltr'>hostem</span> <span class='ocrx_word' id='word_1_240' title='bbox 820 2153 1015 2199; x_wconf 83' lang='lat' dir='ltr'>inclusit:</span> <span class='ocrx_word' id='word_1_241' title='bbox 1048 2156 1337 2213; x_wconf 80' lang='lat' dir='ltr'>oppugnatum</span> <span class='ocrx_word' id='word_1_242' title='bbox 1358 2151 1559 2213; x_wconf 86' lang='lat' dir='ltr'>oppidum</span> 
     </span>
     <span class='ocr_line' id='line_1_33' title="bbox 241 2216 1562 2278; baseline -0.002 -13"><span class='ocrx_word' id='word_1_243' title='bbox 241 2223 516 2277; x_wconf 83' lang='lat' dir='ltr'>captumque:</span> <span class='ocrx_word' id='word_1_244' title='bbox 550 2218 592 2266; x_wconf 85' lang='lat' dir='ltr'>in</span> <span class='ocrx_word' id='word_1_245' title='bbox 628 2218 693 2264; x_wconf 88' lang='lat' dir='ltr'>his</span> <span class='ocrx_word' id='word_1_246' title='bbox 723 2217 860 2265; x_wconf 85' lang='lat' dir='ltr'>tribus</span> <span class='ocrx_word' id='word_1_247' title='bbox 895 2217 1070 2265; x_wconf 82' lang='lat' dir='ltr'>urbibus</span> <span class='ocrx_word' id='word_1_248' title='bbox 1105 2222 1229 2278; x_wconf 77' lang='lat' dir='ltr'>capta</span> <span class='ocrx_word' id='word_1_249' title='bbox 1260 2220 1334 2265; x_wconf 79' lang='lat' dir='ltr'>aut</span> <span class='ocrx_word' id='word_1_250' title='bbox 1364 2232 1472 2265; x_wconf 81' lang='lat' dir='ltr'>caesa</span> <span class='ocrx_word' id='word_1_251' title='bbox 1504 2216 1562 2262; x_wconf 84' lang='lat' dir='ltr'>ad</span> 
     </span>
     <span class='ocr_line' id='line_1_34' title="bbox 242 2281 1555 2345; baseline -0.002 -13"><span class='ocrx_word' id='word_1_252' title='bbox 242 2286 383 2338; x_wconf 70' lang='lat' dir='ltr'>docem</span> <span class='ocrx_word' id='word_1_253' title='bbox 415 2283 542 2330; x_wconf 80' lang='lat' dir='ltr'>millia</span> <span class='ocrx_word' id='word_1_254' title='bbox 581 2283 794 2329; x_wconf 85' lang='lat' dir='ltr'>homiuum</span> <span class='ocrx_word' id='word_1_255' title='bbox 829 2283 886 2330; x_wconf 79' lang='lat' dir='ltr'>ita</span> <span class='ocrx_word' id='word_1_256' title='bbox 918 2287 965 2329; x_wconf 89' lang='lat' dir='ltr'>ut</span> <span class='ocrx_word' id='word_1_257' title='bbox 1002 2298 1128 2343; x_wconf 82' lang='lat' dir='ltr'>parvo</span> <span class='ocrx_word' id='word_1_258' title='bbox 1161 2282 1382 2330; x_wconf 78' lang='lat' dir='ltr'>admodum</span> <span class='ocrx_word' id='word_1_259' title='bbox 1412 2281 1555 2345; x_wconf 66' lang='lat' dir='ltr'>plures</span> 
     </span>
    </p>
   </div>
  </div>
 </body>
</html>
