1649 2452
194 83 271 122 598
489 76 536 117 T.
560 79 671 120 LIV.
701 79 847 119 HIST.
880 79 990 118 LIB.
1025 76 1098 118 IX.
1129 80 1191 118 46.
1299 131 1345 173 [A
1375 132 1400 163 c
1429 132 1490 164 303

192 172 302 216 circa
322 171 457 215 sorum
480 174 524 216 iu
545 173 636 216 albo
659 173 876 230 proposuit
897 176 946 217 ut
968 173 1132 231 quando
1153 173 1244 229 lege
1267 173 1334 230 agi
1361 176 1500 230 posset

191 235 382 288 sciretur,
413 236 544 280 aedem
573 235 817 282 Concordiae
843 237 889 281 in
915 252 1012 281 area
1037 237 1219 282 Vulcani
1246 252 1410 281 summa
1438 236 1502 281 in-

189 299 300 344 vidia
334 299 534 345 nobilium
571 300 790 354 dedicavit,
828 304 1081 359 coactusque
1117 316 1324 346 consensu
1357 299 1501 359 populi

189 364 407 409 Cornelius
448 364 658 409 Barbatus
699 365 889 423 pontifex
927 365 1134 410 maximus
1174 364 1302 410 verba
1341 365 1500 423 praeire,

188 445 317 487 quum
345 444 460 474 more
488 431 694 486 majorum
721 433 895 488 negaret
922 430 1003 474 nisi
1031 430 1240 474 consulem
1271 433 1344 474 aut
1371 430 1500 488 impe-

148 496 370 538 41·atorem
412 509 534 551 posse
574 494 776 552 templum
818 494 1020 539 dedicare.
1081 494 1234 552 Itaque
1270 509 1322 538 ex
1356 496 1500 538 aucto·

185 558 311 602 ritate
332 561 503 603 senatus
531 557 663 603 latum
692 558 745 603 ad.
772 559 973 617 populum
994 561 1072 614 est,
1093 574 1146 604 ne
1175 558 1267 617 quis
1294 558 1498 616 templum

184 637 350 666 aramve
380 623 544 679 injussu
576 627 747 668 senatus
784 627 857 668 aut
892 623 1159 668 tribunorum
1193 622 1329 680 plebei
1364 623 1497 680 partis

147 686 351 743 5majoris
392 686 615 732 dedicaret.
689 687 821 732 Haud
859 687 1168 732 memorabilem
1208 702 1297 731 rem
1338 701 1411 745 per
1449 685 1496 732 se

182 750 264 794 nisi
285 749 581 795 documentum
611 751 666 796 sit
689 751 887 796 adversus
917 751 1154 808 superbiam
1180 750 1382 795 nobilium
1409 750 1496 808 ple-

181 812 284 859 beiae
323 814 530 859 libertatis
570 816 772 860 referam:
816 815 869 860 ad
903 815 1103 872 collegam
1139 831 1298 873 aegrum
1332 813 1494 860 visendi

181 893 307 923 eausa
345 878 515 924 Flavius
564 896 691 938 quum
731 879 915 925 venisset
956 895 1245 937 consensuque
1291 878 1493 924 nobilium

180 942 518 998 adolescentium,
551 944 623 1002 qui
649 944 707 989 ibi
736 944 994 996 adsidebant,
1025 943 1315 989 adsurrectum
1342 943 1381 988 ei
1407 958 1493 988 non

179 1011 303 1062 esset,
332 1008 520 1052 curulem
548 1008 701 1053 adferri
729 1009 872 1054 sellam
901 1025 949 1054 eo
972 1009 1103 1066 jussit
1135 1024 1183 1053 ac
1204 1008 1301 1052 sede
1321 1008 1491 1053 honoris

143 1071 244 1116 esui
281 1073 424 1116 anxios
460 1072 616 1116 invidia
645 1072 834 1118 inimicos
870 1074 1088 1130 spectavit.
1151 1072 1362 1117 Caeterum
1396 1071 1491 1116 Fla-

177 1135 289 1180 vium
313 1136 474 1181 dixerat
497 1137 658 1182 aedilem
678 1138 855 1182 forensis
877 1138 1004 1182 factio
1025 1139 1105 1195 Ap.
1129 1136 1293 1181 Claudii
1314 1151 1491 1181 censura

175 1200 286 1244 vires
307 1205 442 1254 nacta,
463 1201 533 1258 qui
549 1205 740 1246 senatum
762 1202 921 1260 primus
942 1202 1232 1246 libertinorum
1253 1201 1347 1245 filiis
1368 1200 1488 1246 lectis

173 1262 463 1321 inquinaverat
485 1269 540 1320 et,
562 1269 833 1325 posteaquam
855 1282 944 1311 eam
966 1265 1186 1311 lectionem
1211 1280 1333 1310 nemo
1354 1269 1488 1310 ratam

173 1327 320 1373 habuit
355 1345 432 1374 nec
467 1330 511 1374 in
547 1331 663 1374 curia
698 1330 875 1388 adeptus
913 1335 1002 1374 erat
1034 1346 1136 1388 quas
1172 1330 1351 1386 petierat
1386 1345 1487 1387 opes

171 1393 364 1451 urbanas,
396 1395 623 1440 humilibus
653 1412 728 1454 per·
758 1412 900 1441 omnes
932 1395 1068 1440 tribus
1101 1395 1243 1440 divisis
1274 1396 1411 1439 forum
1442 1398 1486 1440 ct

171 1474 362 1517 campum
399 1461 610 1518 corrupit:
643 1464 893 1518 tantumque
928 1460 1062 1504 Flavii
1097 1459 1266 1505 comitia
1305 1459 1486 1518 indigni-

169 1523 270 1568 tatis
299 1523 536 1569 habuerunt
564 1533 613 1568 ut
641 1525 828 1582 plerique
855 1524 1054 1569 nobilium
1087 1524 1233 1568 anulos
1263 1539 1410 1568 aureos
1441 1527 1485 1569 et

133 1587 358 1644 7phaleras
395 1588 664 1646 deponerent.
725 1589 792 1634 Ex
827 1604 876 1634 eo
911 1592 1099 1646 tempore
1134 1589 1179 1632 in
1209 1588 1312 1632 duas
1342 1591 1484 1646 partes

168 1650 360 1697 discessit
388 1654 563 1698 civitas:
595 1653 708 1698 aliud
728 1654 893 1711 integer
920 1653 1099 1711 populus
1121 1653 1262 1697 fautor
1282 1657 1326 1696 et
1347 1652 1485 1697 cultor

166 1714 383 1772 bonorum,
405 1717 516 1762 aliud
538 1718 716 1763 forensis
738 1718 865 1763 factio
893 1717 1078 1773 tenebat,
1100 1716 1230 1762 donec
1254 1717 1302 1771 Q.
1326 1716 1482 1762 Fabius

165 1783 208 1824 et
228 1780 276 1824 P.
300 1781 458 1826 Decius
486 1798 679 1827 censores
705 1782 818 1835 faeti,
843 1786 885 1826 et
914 1781 1069 1826 Fabius
1098 1780 1222 1826 simul
1250 1779 1482 1826 coneordioe

164 1859 289 1889 eausa
317 1845 442 1890 simul
470 1863 523 1891 ne
553 1846 876 1891 humillimorum
909 1846 953 1890 in
982 1862 1109 1890 manu
1141 1845 1309 1891 comitia
1338 1849 1480 1890 essent

163 1923 324 1953 omnem
355 1910 562 1955 forensem
594 1910 762 1956 turbam
793 1914 1003 1955 excretam
1034 1911 1080 1954 in
1111 1913 1312 1968 quattuor
1340 1908 1478 1955 tribus

162 1974 341 2031 conjecit
369 1975 633 2034 urbanasque
661 1991 730 2020 eas
760 1975 1009 2033 appellavit:
1051 1975 1236 2033 adeoque
1266 1989 1356 2019 eam
1388 1989 1478 2019 rem

161 2043 375 2095 acceptam
409 2040 542 2097 gratis
573 2040 722 2084 animis
753 2041 895 2084 ferunt
928 2044 976 2084 ut
1012 2039 1195 2084 Maximi
1229 2053 1473 2096 cognomen,

161 2101 272 2159 quod
300 2106 365 2147 tot
393 2104 578 2149 victoriis
609 2119 694 2149 nou
723 2108 954 2162 pepererat,
984 2103 1062 2149 hac
1092 2103 1285 2148 ordinum
1315 2105 1475 2160 tempe-

159 2166 320 2211 ratione
349 2171 540 2225 parerct:
572 2168 623 2212 ab
652 2167 796 2213 eodem
825 2169 1068 2213 institutum
1094 2167 1247 2214 dicitur
1276 2170 1326 2213 ut
1355 2168 1472 2228 equi-

158 2233 224 2283 tes
244 2229 382 2279 idibus
404 2232 690 2285 Quinctilibus
711 2233 1095 2283 transveherentur.
