1649 2452
220 139 299 178 404
538 141 585 180 T.
615 140 765 180 LIVII
798 140 1218 181 HISTORIARUM
1335 193 1378 234 [A
1409 195 1436 227 c
1464 194 1526 230 377

219 247 289 278 ror
328 234 603 279 erat—simul
642 235 787 279 hostes
829 250 853 278 a
891 234 1099 280 moenibus
1139 251 1350 280 recessere
1390 239 1434 280 et
1472 240 1539 294 Ju-

217 297 357 343 niores
379 299 561 343 Romani
583 300 634 343 ad
656 299 840 344 edictum
863 300 952 343 sine
973 301 1271 345 retractatione
1293 315 1538 346 convenere.

182 361 334 406 5Dum
356 363 636 408 conscribitur
656 364 804 408 Romae
832 364 1054 417 exercitus,
1077 368 1216 409 castra
1247 364 1416 408 interim
1443 364 1541 409 hos-

217 426 324 470 tium
345 427 459 471 haud
480 428 626 485 procul
654 428 749 471 Alia
776 427 947 472 flumine
975 429 1124 486 posita,
1148 429 1245 473 inde
1276 444 1424 487 agrum
1455 428 1540 474 late

216 492 465 548 populantes
497 492 666 536 fatalem
698 508 742 536 se
773 492 868 536 urbi
894 493 1095 538 Romanae
1124 493 1262 538 locum
1291 493 1450 551 cepisse
1477 493 1540 538 in-

216 558 282 600 ter
309 571 354 600 se
378 556 607 613 jactabant,
637 556 814 600 similem
842 572 1038 615 pavorem
1066 558 1163 603 inde
1194 573 1241 602 ac
1271 558 1416 616 fugam
1448 558 1539 603 fore

215 634 263 664 ac
303 619 411 664 bello
450 621 608 665 Ganco
645 620 798 665 fuerit:
837 625 881 665 et
915 622 1039 674 enim,
1076 622 1112 666 si
1148 622 1255 666 diem
1299 626 1540 667 contactum

214 683 415 743 religione
455 685 747 742 insignemque
782 685 950 730 nomine
986 690 1077 742 ejus
1118 686 1197 730 loci
1238 686 1414 730 timeant
1453 687 1541 731 Ro-

213 749 337 797 mani,
376 754 533 807 quanto
570 750 702 807 magis
739 749 899 794 Aliensi
937 750 1003 794 die
1038 750 1177 794 Aliam
1218 751 1351 808 ipsam
1392 758 1557 795 monu-'

213 817 403 857 mentum
430 818 560 858 tantae
592 814 720 858 cladis
750 814 1124 859 reformidaturos?
1157 815 1315 872 species
1348 815 1537 872 profecto

213 876 278 921 his
308 877 367 922 ibi
397 881 538 923 truces
577 878 790 922 Gallorum
826 894 1059 938 sonumque
1090 879 1203 924 vocis
1235 880 1277 923 in
1316 880 1447 924 oculis
1479 885 1540 924 at-

177 948 294 1000 6que
335 943 505 988 auribus
546 943 648 988 fore.
711 943 805 988 Has
841 944 1027 988 inanium
1069 960 1207 988 rerum
1246 945 1390 988 inanes
1427 945 1539 1002 ipsas

212 1006 428 1052 volventes
464 1008 742 1066 cogitationes
780 1008 963 1053 fortunae
994 1009 1071 1053 loci
1110 1009 1407 1065 delegaverant
1445 1024 1539 1066 spes

178 1078 322 1120 7suas.
384 1072 568 1117 Romani
589 1076 747 1126 contra,
772 1073 1025 1129 ubicumque
1047 1080 1158 1117 esset
1180 1073 1360 1117 Latinus
1389 1073 1538 1126 hostis,

212 1136 314 1180 satis
336 1137 442 1181 scire
463 1153 559 1181 eum
581 1153 685 1191 esse,
711 1154 833 1195 quem
857 1137 908 1181 ad
931 1137 1143 1195 Regillum
1167 1138 1301 1182 lacum
1325 1137 1538 1182 devictum

175 1205 383 1247 Scentum
415 1216 618 1246 annorum
651 1218 754 1260 pace
781 1202 962 1247 obnoxia
992 1203 1220 1246 tenuerint.
1283 1202 1445 1246 Locum
1478 1202 1540 1245 in-

212 1265 373 1324 signem
394 1268 595 1311 memoria
615 1267 744 1312 cladis
773 1267 1036 1311 irritaturum
1070 1283 1114 1311 se
1145 1268 1287 1324 potius
1317 1267 1368 1311 ad
1401 1267 1539 1311 delen-

211 1331 306 1375 dam
322 1332 562 1376 memoriam
579 1331 806 1385 dedecoris,
826 1348 950 1390 quam
967 1336 1016 1376 ut
1033 1332 1223 1376 timorem
1246 1333 1368 1376 faciat
1386 1347 1437 1375 ne
1458 1347 1539 1389 qua

175 1398 326 1442 9terra
353 1396 408 1440 sit
436 1396 602 1441 nefasta
624 1396 808 1441 victoriae
837 1413 936 1441 suae.
1000 1397 1117 1445 Quin
1148 1397 1227 1454 ipsi
1258 1396 1337 1440 sib1
1367 1396 1474 1440 Galli
1504 1397 1539 1440 si

213 1460 444 1505 offerantur
464 1460 535 1505 illo
556 1461 659 1516 loco,
682 1477 727 1506 se
748 1462 809 1506 ita
838 1467 1098 1519 pugnaturos
1121 1467 1168 1505 ut
1204 1463 1346 1505 Romae
1380 1476 1539 1519 pugna-

215 1525 351 1570 verint
383 1526 426 1570 in
456 1526 685 1584 repetenda
717 1527 864 1584 patria,
900 1532 948 1570 ut
983 1534 1150 1584 postero
1183 1526 1248 1570 die
1281 1526 1332 1569 ad
1370 1525 1538 1577 Gabios,

216 1593 320 1634 tunc
341 1607 469 1649 quum
491 1591 706 1636 effecerint
727 1607 780 1635 ne
803 1591 894 1647 quis
917 1592 1064 1643 hostis,
1084 1591 1155 1649 qui
1178 1591 1329 1634 moenia
1346 1590 1538 1634 Romana

218 1654 433 1711 intrasset,
449 1656 645 1700 nuntium
662 1655 855 1700 secundae
878 1655 1145 1713 adversaeque
1168 1656 1347 1700 fortunae
1369 1654 1536 1699 domum

100 1720 437 1778 (29)perferret.
502 1721 582 1765 His
605 1721 817 1779 utrimque
839 1721 986 1764 animis
1016 1720 1067 1764 ad
1096 1721 1231 1764 Aliam
1262 1726 1432 1764 ventum
1457 1724 1534 1764 est.

181 1793 203 1828 2
218 1785 415 1830 Dictator
438 1786 666 1839 Romanus,
690 1790 913 1844 postquam
935 1785 978 1829 in
999 1792 1228 1843 conspectu
1250 1784 1393 1828 hostes
1415 1790 1534 1828 erant

214 1850 412 1895 instructi
447 1850 695 1909 intentique,
732 1849 961 1894 “Videsne
996 1851 1074 1894 tu''
1112 1849 1260 1907 iuquit,
1303 1854 1329 1871 “
1344 1850 1396 1892 A.
1422 1849 1536 1893 Sem-

213 1916 346 1973 proni,
368 1915 448 1960 loci
468 1916 639 1959 fortuna
659 1915 752 1959 illos
775 1915 906 1959 fretos
929 1914 982 1959 ad
1002 1914 1139 1958 Aliam
1162 1913 1430 1958 constitisse?
1459 1929 1536 1957 nec

211 1980 291 2024 illis
313 1979 358 2024 di
378 1980 633 2024 immortales
656 1979 846 2024 certioris
876 1979 1100 2037 quidquam
1124 1978 1285 2022 fiduciae
1314 1978 1535 2035 majorisve

176 2052 198 2085 3
213 2045 320 2103 quod
346 2045 399 2088 sit
423 2045 564 2089 auxilii
588 2044 791 2089 dederint.
846 2046 904 2087 At
926 2051 975 2088 tu
997 2043 1132 2087 fretus
1154 2043 1280 2086 armis
1303 2043 1534 2100 animisque

212 2109 432 2153 concitatis
455 2110 573 2166 equis
596 2108 744 2154 invade
778 2108 952 2153 mediam
983 2108 1138 2151 aciem:
1172 2123 1251 2165 ego
1280 2123 1373 2151 cum
1406 2107 1535 2165 legio-

188 2188 192 2215 :
214 2173 334 2217 nibus
357 2174 398 2217 in
420 2173 613 2217 turbatos
631 2173 972 2232 trepidantesque
994 2172 1167 2216 inferam
1191 2173 1322 2230 signa.
1375 2171 1535 2216 Adeste

215 2240 264 2281 dss'
291 2246 421 2282 testes
445 2238 623 2290 fcrdmis,
648 2244 690 2282 et
715 2239 900 2295 expetite
923 2253 1063 2294 peenas
1087 2236 1247 2281 debitas
1271 2236 1394 2280 simul
1416 2236 1533 2280 vobis

178 2306 377 2349 5violatis
405 2304 608 2364 nobisque
637 2319 711 2365 per
739 2309 927 2350 vestrum
956 2318 1112 2348 numen
1140 2303 1370 2362 deceptiS.'’
1432 2301 1532 2350 Non
