1649 2452
185 131 263 176 582
507 135 551 175 Τ.
583 128 732 173 LIVII
765 127 1185 175 HISTORIARUM
1296 181 1336 227 [Α
1373 185 1396 219 c
1426 181 1487 221 8⁰8

184 229 392 288 gaesisque
418 227 527 273 binis
558 223 730 272 armati:
763 226 837 272 scd
863 243 998 287 neque
1029 229 1320 274 commercium
1347 229 1500 288 lingum

183 301 262 338 nec
282 293 414 338 vestis
442 307 703 336 armorumve
729 291 898 336 habitus
927 293 986 338 sic
1007 309 1077 337 eos
1097 293 1218 346 texit,
1241 308 1364 350 quam
1390 294 1501 351 quod

184 357 433 402 abhorrebat
455 356 506 401 ab
533 356 614 400 fide
636 371 885 414 quemquam
906 360 1125 401 externum
1147 357 1346 401 Ciminios
1368 356 1500 402 saltus

146 425 171 468 ⁷
183 421 449 466 intraturum.
511 421 660 477 Usque
696 420 748 464 ad
784 421 999 466 Camertes
1034 421 1218 466 Umbros
1259 422 1500 479 penetrasse

182 485 406 530 dicuntur:
438 484 496 529 ibi
531 484 603 541 qui
638 488 778 528 essent
819 485 943 529 fateri
977 484 1216 530 Romanum
1251 501 1400 529 ausum
1439 486 1501 530 in-

181 549 508 606 troductumque
557 548 600 592 in
640 551 832 592 senatum
874 549 1056 594 consulis
1095 548 1233 594 verbis
1274 549 1410 607 egisse
1449 549 1501 594 de

181 613 381 658 societate
403 611 680 670 amicitiaque,
697 616 823 670 atque
843 612 939 657 inde
955 614 1063 658 comi
1082 613 1265 670 hospitio
1282 616 1501 671 acceptum

179 678 374 722 nuntiare
394 676 597 721 Romanis
612 679 792 733 jussum,
816 681 1094 721 commeatum
1115 671 1319 721 exercitui
1340 677 1501 722 dierum

179 742 356 799 triginta
383 743 536 798 praesto
559 740 647 784 fore
669 740 705 784 si
732 755 780 784 ea
808 740 898 785 loca
917 741 1131 793 intrasset,
1148 743 1501 797 juventutemque

181 805 434 850 Camertium
471 803 729 848 Umbrorum
764 805 809 848 in
843 806 968 849 armis
1003 809 1191 862 paratam
1226 805 1398 863 imperio
1437 805 1500 849 fu-

143 873 332 914 8turam.
394 869 502 913 Haec
523 884 648 926 quum
680 868 812 913 relata
833 868 994 913 consuli
1018 874 1170 923 essent,
1191 868 1499 926 impedimentis

178 934 313 991 prima
351 932 495 991 vigilia
529 932 753 990 praemissis
793 932 1027 991 legionibus
1067 936 1163 990 post
1202 930 1500 990 impedimenta

177 997 238 1042 ire
274 998 403 1056 jussis
443 997 535 1054 ipse
576 996 767 1041 substitit
808 1012 903 1041 cum
944 997 1148 1054 equitatu,
1191 1000 1235 1041 et
1274 996 1367 1041 luce
1407 1001 1501 1041 orta

177 1066 348 1120 postero
377 1061 444 1105 die
472 1061 732 1118 obequitavit
761 1061 1014 1105 stationibus
1041 1061 1225 1105 hostium
1257 1076 1350 1117 quae
1380 1064 1502 1105 extra

179 1127 333 1171 saltum
371 1125 586 1183 dispositae
621 1129 753 1178 erant,
792 1129 836 1170 et
877 1141 1005 1183 quum
1042 1126 1144 1170 satis
1181 1125 1254 1169 diu
1292 1125 1498 1170 tenuisset

176 1191 355 1244 hostem,
377 1191 422 1234 in
449 1198 588 1234 castra
614 1205 708 1234 sese
735 1190 893 1247 recepit
914 1194 1119 1247 portaque
1147 1187 1278 1233 altera
1304 1205 1497 1247 egressus

140 1259 164 1297 9
178 1259 274 1300 aute
295 1257 462 1299 noctem
484 1269 634 1312 agmen
651 1254 906 1312 adsequitur.
968 1253 1145 1297 Postero
1167 1252 1232 1298 die
1253 1253 1345 1298 luce
1366 1254 1498 1311 prima

171 1319 277 1378 juga
307 1318 477 1364 Ciminii
506 1318 660 1362 montis
695 1317 890 1362 tenebat:
923 1316 1018 1362 inde
1054 1316 1359 1375 contemplatus
1395 1333 1498 1375 opu-

174 1383 290 1428 lenta
313 1383 498 1428 Etruriae
525 1397 625 1426 arva
650 1382 803 1426 milites
832 1381 1014 1426 emittit:
1048 1382 1212 1438 ingenti
1237 1382 1320 1439 jam
1351 1380 1498 1426 abacta

174 1448 317 1506 praeda
343 1445 630 1508 tumultuariae
658 1447 885 1504 agrestium
908 1446 1184 1490 Etruscorum
1213 1446 1405 1490 cohortes
1432 1462 1498 1491 re-

174 1517 300 1570 pente
322 1528 346 1556 a
366 1511 623 1570 principibus
644 1510 826 1568 regionis
853 1513 943 1568 ejus
965 1510 1184 1554 concitatae
1205 1505 1407 1555 Romanis
1427 1525 1496 1555 oo—

176 1580 354 1621 currunt
376 1575 478 1619 adeo
511 1574 809 1632 incompositae,
832 1579 881 1618 ut
902 1573 1085 1619 vindices
1106 1573 1338 1632 praedarum
1366 1589 1496 1633 prope

113 1640 255 1699 loipsi
293 1639 443 1698 praedae
480 1639 650 1683 fuerint.
714 1637 843 1682 Caesis
879 1638 1122 1696 fugatisque
1161 1638 1212 1682 iis
1246 1637 1330 1683 late
1370 1637 1496 1696 depo-

172 1704 318 1763 pulato
349 1719 450 1762 agro
482 1703 617 1747 victor
647 1703 865 1747 Romanus
895 1703 1202 1761 opulentusque
1237 1718 1377 1747 rerum
1411 1718 1495 1747 omi

173 1770 291 1815 nium
327 1768 447 1826 copia
476 1767 519 1811 in
550 1771 687 1811 castra
718 1766 854 1810 rediit.
915 1766 980 1810 Eo
1015 1767 1124 1811 forte
1155 1760 1338 1825 quinque
1367 1765 1496 1824 legati

173 1849 268 1878 eum
286 1832 449 1877 duobus
465 1831 648 1876 tribunis
670 1830 802 1888 plebis
822 1833 1034 1886 venerunt,
1051 1830 1344 1875 denuntiatum
1365 1830 1494 1875 Fabio

176 1901 348 1941 senatus
384 1896 534 1948 verbis,
573 1911 625 1939 no
657 1894 808 1939 saltum
843 1895 1066 1939 Ciminium
1099 1894 1322 1938 transiret:
1364 1888 1495 1940 loetati

174 1962 307 2006 serius
350 1977 394 2005 se
435 1976 558 2018 quam
600 1963 648 2003 ut
685 1958 884 2016 impedire
919 1958 1072 2003 bellum
1109 1962 1280 2017 possent
1317 1958 1494 2014 venisse,

61 2024 159 2078 (37)
174 2026 311 2070 nuntii
338 2025 523 2070 victoria:
551 2025 730 2069 Romam
762 2026 1045 2068 revertuntur.
1107 2023 1203 2068 Hac
1230 2022 1495 2081 expeditione

172 2090 355 2154 consulis
385 2094 547 2133 motum
577 2088 703 2133 latius
741 2093 829 2132 erat
862 2102 986 2145 quam
1016 2087 1282 2146 profligatum
1313 2085 1493 2132 bellum:

172 2154 450 2199 vastationem
472 2166 652 2210 namque
674 2151 753 2197 sub
777 2151 944 2196 Ciminii
960 2148 1114 2196 montis
1131 2149 1338 2195 radicibus
1347 2150 1494 2208 jacens

168 2234 244 2264 ora
278 2219 467 2264 senserat
508 2216 830 2274 conciveratque
870 2213 1156 2274 indignatione
1191 2230 1277 2260 non
1310 2214 1494 2261 Etrurine

167 2281 291 2331 modo
331 2280 507 2343 populos
549 2279 624 2327 sed
659 2275 848 2327 Umbrloe
883 2278 1089 2326 finitima:
1130 2279 1272 2340 itaque
1309 2282 1493 2341 quantus
