1649 2452
167 79 246 117 444
479 78 526 117 T.
555 77 706 118 LIVII
737 77 1156 117 HISTORIARUM
1278 131 1334 170 [A
1352 132 1386 162 c
1404 131 1476 164 352

134 171 360 229 7equitum
396 171 501 217 item
541 172 592 217 de
632 172 751 231 plebe
793 173 839 216 C.
863 173 1076 216 Plautium
1117 171 1235 216 dixit.
1296 172 1350 217 Id
1381 188 1479 217 vero

167 235 359 293 patribus
378 235 598 309 indignum
617 235 762 291 videri,
783 236 909 281 etiam
939 237 1224 281 dictaturam
1204 251 1292 294 Jam
1312 237 1358 282 in
1385 252 1481 295 pro-

168 299 329 346 miscuo
350 315 455 355 esse,
477 301 672 359 omnique
692 315 772 358 ope
793 300 1073 359 impediebant
1093 317 1146 346 ne
1167 301 1267 359 quid
1287 301 1483 346 dictatori

130 371 155 408 8
170 363 224 408 ad
243 364 287 409 id
305 364 461 410 bellum
489 365 784 410 decerneretur
809 370 1092 423 parareturve.
1155 366 1222 410 Eo
1249 366 1482 423 promptius

133 436 156 472 9
171 432 324 474 cuncta
350 429 512 474 ferente
540 429 745 474 dictatore
774 429 953 487 populus
978 429 1118 487 jussit.
1178 429 1402 474 Profectus
1431 433 1485 476 ab

171 493 275 539 urbe
305 498 484 552 utraque
516 498 634 551 parte
668 493 831 538 Tiberis
861 493 1022 538 ratibus
1053 494 1254 550 exercitu,
1286 509 1485 553 quocum-

173 574 254 617 que
274 558 386 602 fama
405 558 591 602 hostium
619 557 811 612 ducebat,
833 561 1012 614 trajecto
1026 555 1197 603 multos
1218 558 1485 617 populatores

133 627 158 664 0
174 637 370 680 agrorum
390 637 519 681 vagos
541 621 729 681 palantes
757 623 977 680 oppressit.
1038 622 1188 666 Castra
1218 638 1382 682 quoque
1408 638 1487 668 1155

173 687 343 744 opinato
365 687 588 745 adgressus
611 687 735 745 cepit,
758 692 802 732 et
822 690 918 732 octo
946 686 1128 731 millibus
1148 687 1331 731 hostium
1353 688 1486 745 captis

173 751 335 796 caeteris
376 757 450 796 aut
491 751 607 796 caesis
648 756 722 796 aut
762 766 814 796 ex
855 766 957 809 agro
988 752 1180 796 Romano
1209 751 1367 810 fugatis
1398 754 1487 796 sine

109 819 154 857 ll
174 816 427 860 auctoritate
467 819 636 874 patrum
674 815 820 874 populi
851 819 979 874 jussu
1016 815 1303 874 triumphavit.
1376 817 1490 864 Quia

174 895 252 926 nec
271 896 345 938 per
375 879 624 925 dictatorem
653 880 863 938 plebeium
882 895 960 925 nec
986 895 1061 939 per
1081 880 1294 925 consulem
1321 881 1490 925 comitia

175 945 413 990 consularia
441 945 584 990 haberi
606 944 801 989 volebant
828 948 872 989 et
903 945 1008 989 alter
1028 944 1175 990 consul
1199 944 1355 990 Fabius
1380 945 1489 990 bello

111 1019 159 1056 12
175 1009 448 1063 retinebatur,
465 1025 532 1054 res
555 1009 608 1054 ad
622 1009 908 1068 interregnum
930 1009 1052 1054 redit.
1113 1009 1354 1068 Interreges
1375 1009 1490 1054 dein-

176 1090 272 1132 ceps
296 1074 350 1122 Q.
375 1074 575 1119 Servilius
602 1073 738 1118 Ahala
764 1074 830 1118 M.
850 1073 1006 1118 Fabius
1035 1073 1112 1118 Cn.
1134 1074 1318 1118 Manlius
1340 1075 1388 1119 C.
1411 1074 1490 1118 Fa-

176 1139 270 1183 bius
302 1139 350 1183 C.
381 1139 591 1197 Sulpicius
621 1139 673 1182 L.
701 1137 898 1182 AEmih'us
935 1138 984 1191 Q.
1009 1138 1209 1182 Servilius
1249 1138 1312 1182 M.
1334 1138 1490 1183 Fabius

113 1213 161 1250 13
177 1203 425 1248 Ambustus.
485 1205 540 1248 In
570 1201 753 1247 secundo
773 1202 1015 1260 interregno
1047 1206 1141 1246 orta
1167 1203 1381 1247 contentio
1409 1207 1488 1256 est,

178 1268 290 1327 quod
333 1268 416 1312 duo
456 1267 622 1326 patricii
662 1267 853 1312 consules
894 1267 1155 1320 creabantur,
1196 1267 1493 1312 intercedenti-

178 1332 341 1391 busque
373 1332 555 1377 tribunis
590 1332 777 1377 interrex
815 1330 970 1376 Fabius
1011 1332 1148 1377 aiebat
1187 1332 1232 1376 in
1272 1331 1492 1376 duodecim

177 1397 332 1442 tabulis
353 1397 488 1455 legem
509 1412 601 1441 esse
631 1400 692 1450 ut,
717 1395 1007 1455 quodcumque
1028 1400 1287 1455 postremum
1313 1396 1492 1454 populus

174 1461 386 1520 jussisset,
427 1461 472 1506 id
505 1464 578 1518 jus
620 1465 842 1519 ratumque
882 1464 1013 1505 esset:
1060 1462 1227 1519 jussum
1267 1461 1410 1519 populi
1449 1465 1493 1505 et

115 1526 379 1584 14suffragia
405 1541 509 1570 esse.
573 1527 712 1579 Quum
742 1524 1039 1570 intercedendo
1068 1525 1229 1570 tribuni
1256 1525 1361 1570 nihil
1381 1525 1495 1570 aliud

180 1605 304 1649 quam
323 1593 373 1634 ut
401 1590 618 1634 differrent
648 1589 817 1634 comitia
836 1589 1078 1643 valuissent,
1102 1589 1185 1634 duo
1205 1590 1370 1648 patricii
1397 1605 1495 1634 con-

180 1655 292 1700 sules
313 1655 443 1700 creati
464 1658 563 1699 sunt
586 1654 633 1699 C.
659 1654 867 1712 Sulpicius
888 1654 1060 1699 Peticus
1089 1655 1264 1700 tertium
1283 1655 1347 1699 M.
1370 1654 1495 1699 Vale-

180 1720 268 1764 rius
290 1719 517 1773 Publicola,
542 1719 769 1777 eodemque
790 1717 856 1763 die
876 1720 1171 1778 magistratum
1190 1719 1387 1764 inienmt.

76 1791 172 1844 (18)
241 1784 668 1842 Quadringentesimo
697 1798 805 1828 anno
827 1799 952 1841 quam
979 1783 1080 1829 urbs
1109 1785 1300 1828 Romana
1328 1783 1497 1829 condita

182 1854 285 1902 erat,
309 1849 456 1907 quinto
486 1848 698 1893 tricesimo
728 1863 853 1906 quam
880 1864 905 1892 a
933 1848 1062 1893 Gallis
1092 1849 1334 1907 reciperata,
1357 1848 1497 1893 ablato

182 1918 278 1972 post
299 1913 566 1958 undecimum
597 1928 752 1957 annum
773 1927 798 1956 a
824 1912 944 1970 plebe
965 1912 1186 1957 consulatu
1216 1913 1380 1970 patricii
1400 1928 1497 1958 con-

182 1978 294 2022 sules
328 1978 448 2022 ambo
469 1993 521 2022 ex
548 1978 789 2032 interregno
817 1978 1112 2035 magistratum
1138 1977 1268 2022 iniere
1290 1977 1337 2022 C.
1360 1977 1498 2036 Sulpi-

144 2054 168 2091 2
182 2043 271 2087 cius
292 2043 464 2086 Peticus
486 2042 659 2086 tertium
678 2042 742 2085 M.
763 2041 957 2086 Valerius
981 2041 1208 2086 Publicola.
1268 2042 1498 2100 Empulum

183 2121 233 2151 eo
254 2121 362 2150 anno
383 2121 436 2151 ex
463 2106 709 2151 Tiburtibus
730 2105 843 2151 haud
869 2106 1135 2151 memorando
1156 2107 1382 2152 certamine
1402 2122 1498 2164 cap·

182 2174 288 2227 tum,
309 2171 397 2216 sive
418 2170 595 2215 duorum
616 2170 836 2216 consulum
865 2171 1050 2228 auspicio
1069 2170 1224 2216 bellum
1251 2171 1309 2216 ibi
1328 2176 1497 2230 gestum

165 2239 250 2282 -est
276 2239 327 2282 ut
356 2236 561 2295 scripsere
582 2236 765 2294 quidam,
790 2250 866 2281 seu
893 2250 967 2294 per
993 2234 1103 2281 idem
1131 2242 1298 2294 tempus
1322 2237 1496 2297 Tarqui·
