1649 2452
541 61 652 101 LIB.
683 62 734 101 X.
766 63 935 102 29—31.
1316 65 1393 102 639

68 113 274 154 aesna]

125 155 211 201 His
230 155 374 214 itaque
394 153 521 199 rebus
548 154 681 213 gestis
701 168 780 199 nec
799 154 844 199 in
869 152 1129 199 Samnitibus
1151 152 1289 198 adhuc
1313 168 1392 198 nec
1409 153 1507 209 (31)

66 218 111 264 in
137 219 311 264 Etruria
338 234 419 277 pax
447 222 564 263 crat:
595 233 693 263 nam
720 223 765 264 et
786 218 1004 263 Perusinis
1033 217 1277 263 auctoribus
1297 223 1395 276 post

66 283 294 328 deductum
323 281 387 328 abr
406 282 578 328 consule
608 283 841 328 exercitum
871 283 1120 328 rebellatum
1157 282 1311 335 suerat,
1344 287 1388 327 et

67 348 275 392 Samnites
296 346 528 405 praedatum
553 347 597 391 in
618 363 770 405 agrum
792 348 1016 392 Vescinum
1039 347 1393 404 Formianumque

15 431 19 438 ¹
65 416 109 458 et
142 416 305 470 partem
336 411 459 456 aliam
491 412 535 456 in
562 413 835 457 AEserninum
868 427 1045 470 quaeque
1077 411 1292 456 Vulturno
1322 411 1393 456 ad-

60 476 174 536 jacet
204 477 368 522 flumini
406 475 673 521 descendere.
732 476 950 522 Adversus
981 491 1052 522 eos
1083 477 1165 534 Ap.
1189 474 1430 520 Claudius2

63 545 220 600 praetor
240 557 336 587 cum
359 540 550 586 exercitu
569 540 758 586 Deciano
779 541 953 587 missus:
985 540 1141 586 Fabius
1158 541 1203 585 in
1218 541 1392 585 Etruria

63 605 291 651 rebellante
322 605 464 650 denuo
496 610 700 664 quattuor
733 605 863 650 millia
894 609 939 651 et
974 605 1227 664 quingentos
1262 607 1392 652 Pern-

64 670 251 716 sinorum
271 670 439 725 occidit,
455 670 567 728 cepit
585 670 637 715 ad
654 670 769 715 mille
791 670 1083 728 septingentos
1100 671 1391 730 quadraginta,

63 735 137 793 qui
164 735 372 792 redempti
400 734 557 794 singuli
584 735 677 780 aeris
707 735 907 780 trecentis
936 736 1109 780 decem:
1140 736 1285 793 praeda
1312 736 1392 781 alia

65 799 200 844 omnis
230 799 434 844 militibus
472 814 682 844 concessa.
746 799 997 844 Samnitium
1027 799 1227 858 legiones,
1259 807 1430 859 quum3

65 868 226 922 partem
256 865 338 922 Ap.
362 863 565 908 Claudius
593 867 750 922 praetor
775 870 937 922 partem
958 864 1010 908 L.
1032 864 1285 910 Volumnius
1314 882 1390 924 pro

67 928 238 974 consule
269 932 531 986 sequeretur,
561 927 606 973 in
636 943 784 988 agrum
821 929 1039 974 Stellatem
1070 936 1388 976 convenerunt:

65 993 127 1038 ibi
156 996 200 1038 et
232 993 483 1038 Samnitium
513 1008 658 1037 omnes
689 993 913 1038 considunt
949 999 993 1039 et
1020 994 1185 1051 Appius
1214 995 1390 1040 Volum-

61 1057 242 1116 niusque
262 1061 402 1102 castra
417 1060 708 1116 conjungunt:
741 1062 977 1116 pugnatum
998 1046 1281 1104 infestissimis
1303 1061 1390 1105 ani-

61 1121 141 1166 mis
181 1121 280 1166 hinc
314 1121 378 1166 ira
416 1121 662 1166 stimulante
701 1121 903 1167 adversus
944 1122 1195 1168 rebellantes
1230 1125 1388 1170 totiens

60 1185 173 1231 illinc
198 1184 249 1231 ab
270 1185 419 1230 ultima
434 1186 522 1244 jam
545 1185 841 1231 dimicantibus
871 1202 945 1245 spe
966 1207 976 1232 z
1009 1202 1117 1232 caesa
1144 1203 1246 1247 ergo
1269 1189 1388 1234 Sam·

59 1250 211 1295 nitium
244 1250 424 1295 sedecim
458 1250 588 1295 millia
619 1251 813 1307 trecenti,
846 1255 971 1310 capta
1006 1250 1090 1297 duo
1124 1252 1255 1297 millia
1295 1269 1387 1312 sep-

60 1314 270 1374 tingenti:
302 1331 355 1360 ex
376 1315 569 1360 Romano
597 1315 787 1360 exercitu
818 1315 1006 1361 cecidere
1040 1315 1126 1361 duo
1146 1317 1275 1362 millia
1296 1334 1386 1376 sep-

59 1379 255 1438 tingenti.
316 1378 434 1424 Felix
457 1395 592 1424 annus
621 1379 781 1424 bellicis
810 1379 949 1434 rebus,
972 1381 1216 1438 pestilentia
1244 1383 1423 1440 gravis4

59 1444 344 1502 prodigiisque
365 1443 569 1488 sollicitus
589 1463 598 1488 :
630 1459 727 1488 nam
756 1448 799 1489 et
822 1448 980 1489 terram
1004 1445 1274 1491 multifariam
1297 1447 1385 1505 plu-

60 1509 170 1554 visse
197 1513 241 1553 et
273 1508 318 1552 in
349 1509 539 1553 exercitu
570 1511 652 1566 Ap.
677 1507 844 1553 Claudii
882 1508 1102 1568 plerosque
1138 1509 1385 1558 fulminibus

58 1574 166 1618 ictos
186 1572 429 1618 nuntiatum
451 1579 529 1626 est,
553 1572 732 1630 librique
753 1572 807 1618 ob
828 1573 917 1618 haec
935 1573 1052 1618 aditi.
1114 1574 1180 1619 Eo
1202 1591 1311 1620 anno
1334 1578 1382 1631 Q.
1399 1586 1422 1623 5

58 1637 214 1683 Fabius
244 1638 410 1695 Gurges
439 1637 623 1682 consulis
651 1637 763 1681 filius
798 1637 958 1697 aliquot
990 1643 1204 1684 matronas
1234 1640 1287 1685 ad
1314 1657 1385 1700 po-

58 1703 203 1761 pulum
230 1702 369 1760 stupri
397 1700 617 1746 damnatas
648 1702 826 1760 pecunia
854 1701 1063 1755 multavit,
1087 1719 1139 1748 ex
1167 1719 1251 1762 quo
1279 1706 1384 1751 rnul-

57 1767 205 1812 taticio
235 1782 317 1812 aere
347 1766 528 1811 Veneris
559 1765 706 1821 aedem,
739 1781 832 1824 quae
863 1781 994 1825 prope
1024 1768 1183 1813 circum
1214 1773 1292 1824 est,
1325 1771 1384 1816 fa-

59 1830 249 1876 ciendam
290 1830 768 1909 vrmvit—Supersunt
809 1830 936 1875 etiam
978 1847 1091 1878 nunc
1132 1833 1420 1881 Samnitinm6

58 1896 177 1950 bella,
201 1911 293 1954 quae
322 1896 523 1941 continua
549 1911 624 1954 per
651 1900 850 1954 quartum
865 1899 955 1954 jam
985 1897 1181 1944 volumen
1208 1914 1383 1945 annum-

58 1977 139 2020 que
159 1964 327 2006 sextum
349 1966 391 2006 et
409 1960 776 2020 quadragesimum
798 1976 823 2004 a
838 1960 902 2006 M.
927 1961 1094 2007 Valerio
1110 1965 1163 2008 A.
1186 1963 1382 2011 Cornelio

57 2025 314 2080 consulibus,
337 2025 411 2085 qui
431 2025 555 2084 primi
586 2025 755 2070 Samnio
786 2040 903 2070 arma
930 2026 1179 2083 intulerunt,
1202 2029 1380 2088 agimus.

58 2090 116 2135 Et
136 2105 189 2135 ne
209 2094 276 2135 tot
306 2105 512 2136 annorum
540 2089 679 2136 clades
711 2090 934 2149 utriusque
962 2092 1102 2150 gentis
1133 2093 1416 2154 laboresque7

60 2158 176 2199 actos
197 2169 310 2200 nunc
330 2154 524 2207 referam,
545 2154 698 2214 quibus
722 2155 989 2214 nequiverint
1014 2163 1158 2204 tamen
1183 2157 1290 2204 dura
1309 2160 1381 2205 illa

61 2222 232 2294 pectora
252 2218 374 2283 vinci,
397 2219 586 2303 proximo
608 2234 717 2278 anno
739 2219 949 2281 ,Samnites
980 2220 1024 2277 in
1045 2221 1254 2284 Sentinati
1275 2239 1378 2292 agro
