<?xml version="1.0" encoding="UTF-8"?>
<!DOCTYPE html PUBLIC "-//W3C//DTD XHTML 1.0 Transitional//EN"
    "http://www.w3.org/TR/xhtml1/DTD/xhtml1-transitional.dtd">
<html xmlns="http://www.w3.org/1999/xhtml" xml:lang="en" lang="en">
 <head>
  <title>
</title>
<meta http-equiv="Content-Type" content="text/html;charset=utf-8" />
  <meta name='ocr-system' content='tesseract 3.04.00' />
  <meta name='ocr-capabilities' content='ocr_page ocr_carea ocr_par ocr_line ocrx_word'/>
</head>
<body>
  <div class='ocr_page' id='page_1' title='image "./historiarum00livyuoft_0153.png"; bbox 0 0 1649 2452; ppageno 0'>
   <div class='ocr_carea' id='block_1_1' title="bbox 100 56 1417 142">
    <p class='ocr_par' dir='ltr' id='par_1_1' title="bbox 100 56 1417 142">
     <span class='ocr_line' id='line_1_1' title="bbox 539 56 1417 103; baseline 0.002 -7"><span class='ocrx_word' id='word_1_1' title='bbox 539 56 648 97; x_wconf 88' lang='lat' dir='ltr'>LIB.</span> <span class='ocrx_word' id='word_1_2' title='bbox 678 56 803 96; x_wconf 86' lang='lat' dir='ltr'>VIII.</span> <span class='ocrx_word' id='word_1_3' title='bbox 828 59 889 103; x_wconf 89' lang='lat'><strong>18,</strong></span> <span class='ocrx_word' id='word_1_4' title='bbox 915 58 973 96; x_wconf 85' lang='lat'><strong>19.</strong></span> <span class='ocrx_word' id='word_1_5' title='bbox 1340 60 1417 98; x_wconf 81' lang='lat'><strong>505</strong></span> 
     </span>
     <span class='ocr_line' id='line_1_2' title="bbox 100 109 276 142; baseline 0.017 -3"><span class='ocrx_word' id='word_1_6' title='bbox 100 109 144 139; x_wconf 77' lang='lat' dir='ltr'><strong>A.</strong></span> <span class='ocrx_word' id='word_1_7' title='bbox 161 109 197 140; x_wconf 92' lang='lat' dir='ltr'><strong>c.</strong></span> <span class='ocrx_word' id='word_1_8' title='bbox 214 109 276 142; x_wconf 78' lang='lat'><strong>326</strong></span> 
     </span>
    </p>
   </div>
   <div class='ocr_carea' id='block_1_2' title="bbox 82 108 1470 2272">
    <p class='ocr_par' dir='ltr' id='par_1_2' title="bbox 82 108 1470 2272">
     <span class='ocr_line' id='line_1_3' title="bbox 99 108 1415 209; baseline -0.003 -14"><span class='ocrx_word' id='word_1_9' title='bbox 99 165 247 208; x_wconf 84' lang='lat' dir='ltr'><strong>agrum</strong></span> <span class='ocrx_word' id='word_1_10' title='bbox 273 108 325 195; x_wconf 53' lang='lat' dir='ltr'><strong>lja.</strong></span> <span class='ocrx_word' id='word_1_11' title='bbox 346 149 542 207; x_wconf 86' lang='lat' dir='ltr'>Papirius</span> <span class='ocrx_word' id='word_1_12' title='bbox 571 150 786 209; x_wconf 87' lang='lat' dir='ltr'><strong>profectus</strong></span> <span class='ocrx_word' id='word_1_13' title='bbox 816 149 929 194; x_wconf 83' lang='lat' dir='ltr'><strong>haud</strong></span> <span class='ocrx_word' id='word_1_14' title='bbox 963 148 1109 208; x_wconf 87' lang='lat' dir='ltr'><strong>procul</strong></span> <span class='ocrx_word' id='word_1_15' title='bbox 1139 148 1288 192; x_wconf 82' lang='lat' dir='ltr'><strong>castris</strong></span> <span class='ocrx_word' id='word_1_16' title='bbox 1323 149 1415 205; x_wconf 87' lang='lat' dir='ltr'><strong>ejus</strong></span> 
     </span>
     <span class='ocr_line' id='line_1_4' title="bbox 97 212 1455 260; baseline -0.003 -1"><span class='ocrx_word' id='word_1_17' title='bbox 97 213 298 260; x_wconf 77' lang='lat' dir='ltr'><strong>consedit.</strong></span> <span class='ocrx_word' id='word_1_18' title='bbox 358 213 558 259; x_wconf 82' lang='lat' dir='ltr'><strong>Vitrubio</strong></span> <span class='ocrx_word' id='word_1_19' title='bbox 592 229 670 259; x_wconf 91' lang='lat' dir='ltr'><strong>nec</strong></span> <span class='ocrx_word' id='word_1_20' title='bbox 706 219 754 259; x_wconf 90' lang='lat' dir='ltr'><strong>ut</strong></span> <span class='ocrx_word' id='word_1_21' title='bbox 789 214 897 259; x_wconf 82' lang='lat' dir='ltr'><strong>vallo</strong></span> <span class='ocrx_word' id='word_1_22' title='bbox 932 229 978 259; x_wconf 89' lang='lat' dir='ltr'><strong>se</strong></span> <span class='ocrx_word' id='word_1_23' title='bbox 1012 217 1177 258; x_wconf 88' lang='lat' dir='ltr'><strong>teneret</strong></span> <span class='ocrx_word' id='word_1_24' title='bbox 1214 212 1413 256; x_wconf 85' lang='lat' dir='ltr'><strong>adversus</strong></span> <span class='ocrx_word' id='word_1_25' title='bbox 1432 219 1455 260; x_wconf 82' lang='grc'><strong>7</strong></span> 
     </span>
     <span class='ocr_line' id='line_1_5' title="bbox 94 276 1416 334; baseline -0.002 -11"><span class='ocrx_word' id='word_1_26' title='bbox 94 278 335 324; x_wconf 81' lang='lat' dir='ltr'><strong>validiorem</strong></span> <span class='ocrx_word' id='word_1_27' title='bbox 361 279 528 323; x_wconf 84' lang='lat' dir='ltr'><strong>hostem</strong></span> <span class='ocrx_word' id='word_1_28' title='bbox 554 293 656 323; x_wconf 89' lang='lat' dir='ltr'><strong>sana</strong></span> <span class='ocrx_word' id='word_1_29' title='bbox 682 282 874 324; x_wconf 83' lang='lat' dir='ltr'><strong>constare</strong></span> <span class='ocrx_word' id='word_1_30' title='bbox 902 293 1032 331; x_wconf 90' lang='lat' dir='ltr'><strong>mens,</strong></span> <span class='ocrx_word' id='word_1_31' title='bbox 1064 292 1141 322; x_wconf 88' lang='lat' dir='ltr'><strong>nec</strong></span> <span class='ocrx_word' id='word_1_32' title='bbox 1170 281 1219 320; x_wconf 91' lang='lat' dir='ltr'><strong>ut</strong></span> <span class='ocrx_word' id='word_1_33' title='bbox 1249 276 1416 334; x_wconf 86' lang='lat' dir='ltr'><strong>longius</strong></span> 
     </span>
     <span class='ocr_line' id='line_1_6' title="bbox 94 343 1417 402; baseline -0.003 -13"><span class='ocrx_word' id='word_1_34' title='bbox 94 358 122 388; x_wconf 76' lang='lat' dir='ltr'><strong>a</strong></span> <span class='ocrx_word' id='word_1_35' title='bbox 149 344 298 389; x_wconf 88' lang='lat' dir='ltr'><strong>castris</strong></span> <span class='ocrx_word' id='word_1_36' title='bbox 328 343 544 389; x_wconf 86' lang='lat' dir='ltr'><strong>dimicaret</strong></span> <span class='ocrx_word' id='word_1_37' title='bbox 576 344 738 388; x_wconf 87' lang='lat' dir='ltr'><strong>animus</strong></span> <span class='ocrx_word' id='word_1_38' title='bbox 769 344 1017 402; x_wconf 89' lang='lat' dir='ltr'><strong>subpetere:</strong></span> <span class='ocrx_word' id='word_1_39' title='bbox 1065 343 1136 387; x_wconf 79' lang='lat' dir='ltr'><strong>vix</strong></span> <span class='ocrx_word' id='word_1_40' title='bbox 1170 345 1263 386; x_wconf 88' lang='lat' dir='ltr'><strong>tota</strong></span> <span class='ocrx_word' id='word_1_41' title='bbox 1297 346 1417 386; x_wconf 81' lang='lat' dir='ltr'><strong>extra</strong></span> 
     </span>
     <span class='ocr_line' id='line_1_7' title="bbox 94 407 1414 466; baseline -0.002 -13"><span class='ocrx_word' id='word_1_42' title='bbox 94 411 259 466; x_wconf 80' lang='lat' dir='ltr'><strong>portam</strong></span> <span class='ocrx_word' id='word_1_43' title='bbox 293 411 526 453; x_wconf 81' lang='lat' dir='ltr'><strong>castrorum</strong></span> <span class='ocrx_word' id='word_1_44' title='bbox 562 408 770 466; x_wconf 81' lang='lat' dir='ltr'><strong>explicata</strong></span> <span class='ocrx_word' id='word_1_45' title='bbox 803 408 1094 466; x_wconf 83' lang='lat' dir='ltr'><strong>acie—fugam</strong></span> <span class='ocrx_word' id='word_1_46' title='bbox 1128 407 1261 465; x_wconf 85' lang='lat' dir='ltr'><strong>magis</strong></span> <span class='ocrx_word' id='word_1_47' title='bbox 1300 411 1414 451; x_wconf 90' lang='lat' dir='ltr'><strong>retro</strong></span> 
     </span>
     <span class='ocr_line' id='line_1_8' title="bbox 93 471 1415 531; baseline -0.002 -14"><span class='ocrx_word' id='word_1_48' title='bbox 93 487 219 531; x_wconf 88' lang='lat' dir='ltr'><strong>quam</strong></span> <span class='ocrx_word' id='word_1_49' title='bbox 245 473 438 531; x_wconf 89' lang='lat' dir='ltr'><strong>proelium</strong></span> <span class='ocrx_word' id='word_1_50' title='bbox 468 477 542 517; x_wconf 87' lang='lat' dir='ltr'><strong>aut</strong></span> <span class='ocrx_word' id='word_1_51' title='bbox 572 473 739 517; x_wconf 87' lang='lat' dir='ltr'>hostem</span> <span class='ocrx_word' id='word_1_52' title='bbox 769 476 986 530; x_wconf 82' lang='lat' dir='ltr'>spectante</span> <span class='ocrx_word' id='word_1_53' title='bbox 1014 471 1294 516; x_wconf 81' lang='lat' dir='ltr'><strong>milite—sine</strong></span> <span class='ocrx_word' id='word_1_54' title='bbox 1319 485 1415 515; x_wconf 91' lang='lat' dir='ltr'><strong>con-</strong></span> 
     </span>
     <span class='ocr_line' id='line_1_9' title="bbox 93 535 1450 595; baseline -0.001 -13"><span class='ocrx_word' id='word_1_55' title='bbox 93 537 186 582; x_wconf 89' lang='lat' dir='ltr'><strong>silio</strong></span> <span class='ocrx_word' id='word_1_56' title='bbox 212 537 302 582; x_wconf 91' lang='lat' dir='ltr'><strong>sine</strong></span> <span class='ocrx_word' id='word_1_57' title='bbox 329 536 503 582; x_wconf 88' lang='lat' dir='ltr'><strong>audacia</strong></span> <span class='ocrx_word' id='word_1_58' title='bbox 530 535 758 595; x_wconf 81' lang='lat' dir='ltr'><strong>depugnat.</strong></span> <span class='ocrx_word' id='word_1_59' title='bbox 820 537 883 582; x_wconf 91' lang='lat' dir='ltr'><strong>Ut</strong></span> <span class='ocrx_word' id='word_1_60' title='bbox 912 541 955 582; x_wconf 89' lang='lat' dir='ltr'><strong>et</strong></span> <span class='ocrx_word' id='word_1_61' title='bbox 982 536 1065 581; x_wconf 71' lang='lat' dir='ltr'><strong>levi</strong></span> <span class='ocrx_word' id='word_1_62' title='bbox 1093 539 1305 580; x_wconf 89' lang='lat' dir='ltr'><strong>momento</strong></span> <span class='ocrx_word' id='word_1_63' title='bbox 1336 539 1450 580; x_wconf 86' lang='lat' dir='ltr'><strong>ne08</strong></span> 
     </span>
     <span class='ocr_line' id='line_1_10' title="bbox 93 599 1412 660; baseline -0.002 -14"><span class='ocrx_word' id='word_1_64' title='bbox 93 601 287 660; x_wconf 83' lang='lat' dir='ltr'>ambigue</span> <span class='ocrx_word' id='word_1_65' title='bbox 327 605 393 646; x_wconf 91' lang='lat' dir='ltr'><strong>est</strong></span> <span class='ocrx_word' id='word_1_66' title='bbox 433 601 584 654; x_wconf 83' lang='lat' dir='ltr'><strong>victus,</strong></span> <span class='ocrx_word' id='word_1_67' title='bbox 626 601 688 645; x_wconf 89' lang='lat' dir='ltr'><strong>ita</strong></span> <span class='ocrx_word' id='word_1_68' title='bbox 726 601 933 646; x_wconf 78' lang='lat' dir='ltr'><strong>brevitate</strong></span> <span class='ocrx_word' id='word_1_69' title='bbox 968 601 1059 659; x_wconf 90' lang='lat' dir='ltr'><strong>ipsa</strong></span> <span class='ocrx_word' id='word_1_70' title='bbox 1097 600 1178 645; x_wconf 87' lang='lat' dir='ltr'><strong>loci</strong></span> <span class='ocrx_word' id='word_1_71' title='bbox 1218 599 1412 658; x_wconf 84' lang='lat' dir='ltr'><strong>facilique</strong></span> 
     </span>
     <span class='ocr_line' id='line_1_11' title="bbox 92 664 1413 724; baseline -0.002 -14"><span class='ocrx_word' id='word_1_72' title='bbox 92 670 267 724; x_wconf 89' lang='lat' dir='ltr'><strong>receptu</strong></span> <span class='ocrx_word' id='word_1_73' title='bbox 292 665 339 710; x_wconf 94' lang='lat' dir='ltr'><strong>in</strong></span> <span class='ocrx_word' id='word_1_74' title='bbox 364 669 452 710; x_wconf 86' lang='lat' dir='ltr'><strong>tam</strong></span> <span class='ocrx_word' id='word_1_75' title='bbox 478 665 713 724; x_wconf 81' lang='lat' dir='ltr'><strong>propinqua</strong></span> <span class='ocrx_word' id='word_1_76' title='bbox 739 670 877 710; x_wconf 87' lang='lat' dir='ltr'><strong>castra</strong></span> <span class='ocrx_word' id='word_1_77' title='bbox 904 665 1017 709; x_wconf 88' lang='lat' dir='ltr'><strong>haud</strong></span> <span class='ocrx_word' id='word_1_78' title='bbox 1043 680 1154 724; x_wconf 83' lang='lat' dir='ltr'><strong>aegre</strong></span> <span class='ocrx_word' id='word_1_79' title='bbox 1181 664 1357 708; x_wconf 81' lang='lat' dir='ltr'><strong>militem</strong></span> <span class='ocrx_word' id='word_1_80' title='bbox 1388 680 1413 708; x_wconf 88' lang='lat' dir='ltr'><strong>a</strong></span> 
     </span>
     <span class='ocr_line' id='line_1_12' title="bbox 91 729 1412 787; baseline -0.002 -13"><span class='ocrx_word' id='word_1_81' title='bbox 91 729 228 774; x_wconf 82' lang='lat' dir='ltr'><strong>multa</strong></span> <span class='ocrx_word' id='word_1_82' title='bbox 259 729 371 774; x_wconf 86' lang='lat' dir='ltr'><strong>caede</strong></span> <span class='ocrx_word' id='word_1_83' title='bbox 406 732 472 774; x_wconf 90' lang='lat' dir='ltr'><strong>est</strong></span> <span class='ocrx_word' id='word_1_84' title='bbox 511 733 703 774; x_wconf 88' lang='lat' dir='ltr'><strong>tutatus:</strong></span> <span class='ocrx_word' id='word_1_85' title='bbox 746 745 824 774; x_wconf 89' lang='lat' dir='ltr'><strong>nec</strong></span> <span class='ocrx_word' id='word_1_86' title='bbox 863 730 951 774; x_wconf 84' lang='lat' dir='ltr'><strong>fere</strong></span> <span class='ocrx_word' id='word_1_87' title='bbox 987 730 1207 787; x_wconf 87' lang='lat' dir='ltr'><strong>quisquam</strong></span> <span class='ocrx_word' id='word_1_88' title='bbox 1243 729 1286 773; x_wconf 90' lang='lat' dir='ltr'><strong>in</strong></span> <span class='ocrx_word' id='word_1_89' title='bbox 1321 729 1412 786; x_wconf 93' lang='lat' dir='ltr'><strong>ipso</strong></span> 
     </span>
     <span class='ocr_line' id='line_1_13' title="bbox 91 793 1413 853; baseline -0.001 -15"><span class='ocrx_word' id='word_1_90' title='bbox 91 794 331 848; x_wconf 83' lang='lat' dir='ltr'><strong>certamine,</strong></span> <span class='ocrx_word' id='word_1_91' title='bbox 355 794 478 852; x_wconf 88' lang='lat' dir='ltr'><strong>pauci</strong></span> <span class='ocrx_word' id='word_1_92' title='bbox 497 795 541 838; x_wconf 91' lang='lat' dir='ltr'><strong>in</strong></span> <span class='ocrx_word' id='word_1_93' title='bbox 560 793 687 838; x_wconf 88' lang='lat' dir='ltr'><strong>turba</strong></span> <span class='ocrx_word' id='word_1_94' title='bbox 705 794 818 853; x_wconf 83' lang='lat' dir='ltr'><strong>fugae</strong></span> <span class='ocrx_word' id='word_1_95' title='bbox 840 799 1038 839; x_wconf 77' lang='lat' dir='ltr'><strong>extremae</strong></span> <span class='ocrx_word' id='word_1_96' title='bbox 1059 810 1188 852; x_wconf 91' lang='lat' dir='ltr'><strong>quum</strong></span> <span class='ocrx_word' id='word_1_97' title='bbox 1210 793 1254 837; x_wconf 87' lang='lat' dir='ltr'><strong>in</strong></span> <span class='ocrx_word' id='word_1_98' title='bbox 1274 799 1413 838; x_wconf 83' lang='lat' dir='ltr'><strong>castra</strong></span> 
     </span>
     <span class='ocr_line' id='line_1_14' title="bbox 91 857 1414 916; baseline -0.001 -13"><span class='ocrx_word' id='word_1_99' title='bbox 91 862 263 903; x_wconf 90' lang='lat' dir='ltr'><strong>ruerent</strong></span> <span class='ocrx_word' id='word_1_100' title='bbox 298 858 406 912; x_wconf 89' lang='lat' dir='ltr'><strong>caesi,</strong></span> <span class='ocrx_word' id='word_1_101' title='bbox 443 858 671 916; x_wconf 85' lang='lat' dir='ltr'><strong>primisque</strong></span> <span class='ocrx_word' id='word_1_102' title='bbox 706 858 892 903; x_wconf 84' lang='lat' dir='ltr'><strong>tenebris</strong></span> <span class='ocrx_word' id='word_1_103' title='bbox 927 859 1177 903; x_wconf 79' lang='lat' dir='ltr'><strong>Privernum</strong></span> <span class='ocrx_word' id='word_1_104' title='bbox 1210 857 1307 902; x_wconf 89' lang='lat' dir='ltr'><strong>inde</strong></span> <span class='ocrx_word' id='word_1_105' title='bbox 1343 873 1414 916; x_wconf 87' lang='lat' dir='ltr'><strong>pe-</strong></span> 
     </span>
     <span class='ocr_line' id='line_1_15' title="bbox 91 921 1413 981; baseline 0.002 -16"><span class='ocrx_word' id='word_1_106' title='bbox 91 922 218 967; x_wconf 89' lang='lat' dir='ltr'><strong>titum</strong></span> <span class='ocrx_word' id='word_1_107' title='bbox 238 922 403 981; x_wconf 85' lang='lat' dir='ltr'><strong>agmine</strong></span> <span class='ocrx_word' id='word_1_108' title='bbox 430 921 607 980; x_wconf 91' lang='lat' dir='ltr'><strong>trepido,</strong></span> <span class='ocrx_word' id='word_1_109' title='bbox 628 925 678 966; x_wconf 90' lang='lat' dir='ltr'><strong>ut</strong></span> <span class='ocrx_word' id='word_1_110' title='bbox 705 923 836 966; x_wconf 89' lang='lat' dir='ltr'><strong>muris</strong></span> <span class='ocrx_word' id='word_1_111' title='bbox 865 923 1005 980; x_wconf 86' lang='lat' dir='ltr'><strong>potius</strong></span> <span class='ocrx_word' id='word_1_112' title='bbox 1035 938 1159 981; x_wconf 87' lang='lat' dir='ltr'><strong>quam</strong></span> <span class='ocrx_word' id='word_1_113' title='bbox 1185 921 1293 966; x_wconf 85' lang='lat' dir='ltr'><strong>vallo</strong></span> <span class='ocrx_word' id='word_1_114' title='bbox 1320 937 1413 967; x_wconf 86' lang='lat' dir='ltr'><strong>sese</strong></span> 
     </span>
     <span class='ocr_line' id='line_1_16' title="bbox 89 986 1449 1045; baseline 0.002 -14"><span class='ocrx_word' id='word_1_115' title='bbox 89 990 346 1032; x_wconf 88' lang='lat' dir='ltr'><strong>tutarentur.</strong></span> <span class='ocrx_word' id='word_1_116' title='bbox 405 987 448 1031; x_wconf 90' lang='lat' dir='ltr'>A</span> <span class='ocrx_word' id='word_1_117' title='bbox 474 987 678 1031; x_wconf 83' lang='lat' dir='ltr'><strong>Priverno</strong></span> <span class='ocrx_word' id='word_1_118' title='bbox 710 986 902 1031; x_wconf 89' lang='lat' dir='ltr'><strong>Plautius</strong></span> <span class='ocrx_word' id='word_1_119' title='bbox 934 986 1039 1031; x_wconf 80' lang='lat' dir='ltr'><strong>alter</strong></span> <span class='ocrx_word' id='word_1_120' title='bbox 1069 986 1217 1031; x_wconf 87' lang='lat' dir='ltr'><strong>consul</strong></span> <span class='ocrx_word' id='word_1_121' title='bbox 1245 996 1449 1045; x_wconf 83' lang='lat' dir='ltr'><strong>pervas-9</strong></span> 
     </span>
     <span class='ocr_line' id='line_1_17' title="bbox 89 1050 1412 1110; baseline 0 -14"><span class='ocrx_word' id='word_1_122' title='bbox 89 1051 192 1096; x_wconf 89' lang='lat' dir='ltr'><strong>tatis</strong></span> <span class='ocrx_word' id='word_1_123' title='bbox 211 1051 366 1109; x_wconf 89' lang='lat' dir='ltr'><strong>passim</strong></span> <span class='ocrx_word' id='word_1_124' title='bbox 387 1050 499 1109; x_wconf 84' lang='lat' dir='ltr'><strong>agris</strong></span> <span class='ocrx_word' id='word_1_125' title='bbox 522 1051 743 1109; x_wconf 86' lang='lat' dir='ltr'><strong>praedaque</strong></span> <span class='ocrx_word' id='word_1_126' title='bbox 760 1051 907 1096; x_wconf 85' lang='lat' dir='ltr'><strong>abacta</strong></span> <span class='ocrx_word' id='word_1_127' title='bbox 926 1051 970 1095; x_wconf 92' lang='lat' dir='ltr'><strong>in</strong></span> <span class='ocrx_word' id='word_1_128' title='bbox 992 1067 1140 1110; x_wconf 79' lang='lat' dir='ltr'><strong>agrum</strong></span> <span class='ocrx_word' id='word_1_129' title='bbox 1161 1051 1412 1096; x_wconf 85' lang='lat' dir='ltr'><strong>Fundanum</strong></span> 
     </span>
     <span class='ocr_line' id='line_1_18' title="bbox 89 1115 1412 1173; baseline 0 -13"><span class='ocrx_word' id='word_1_130' title='bbox 89 1115 321 1161; x_wconf 85' lang='lat' dir='ltr'><strong>exercitum</strong></span> <span class='ocrx_word' id='word_1_131' title='bbox 359 1115 546 1160; x_wconf 82' lang='lat' dir='ltr'>inducit:</span> <span class='ocrx_word' id='word_1_132' title='bbox 597 1115 852 1173; x_wconf 84' lang='lat' dir='ltr'><strong>ingredienti</strong></span> <span class='ocrx_word' id='word_1_133' title='bbox 890 1116 993 1160; x_wconf 89' lang='lat' dir='ltr'><strong>fines</strong></span> <span class='ocrx_word' id='word_1_134' title='bbox 1035 1119 1205 1160; x_wconf 90' lang='lat' dir='ltr'><strong>senatus</strong></span> <span class='ocrx_word' id='word_1_135' title='bbox 1245 1115 1412 1160; x_wconf 83' lang='lat' dir='ltr'><strong>Funda-</strong></span> 
     </span>
     <span class='ocr_line' id='line_1_19' title="bbox 88 1180 1410 1239; baseline 0 -14"><span class='ocrx_word' id='word_1_136' title='bbox 88 1194 239 1225; x_wconf 85' lang='lat' dir='ltr'><strong>norum</strong></span> <span class='ocrx_word' id='word_1_137' title='bbox 258 1180 453 1234; x_wconf 87' lang='lat' dir='ltr'><strong>occurrit,</strong></span> <span class='ocrx_word' id='word_1_138' title='bbox 474 1183 631 1238; x_wconf 86' lang='lat' dir='ltr'><strong>negant</strong></span> <span class='ocrx_word' id='word_1_139' title='bbox 659 1195 704 1224; x_wconf 92' lang='lat' dir='ltr'><strong>se</strong></span> <span class='ocrx_word' id='word_1_140' title='bbox 725 1195 800 1237; x_wconf 91' lang='lat' dir='ltr'><strong>pro</strong></span> <span class='ocrx_word' id='word_1_141' title='bbox 831 1180 1028 1225; x_wconf 83' lang='lat' dir='ltr'><strong>Vitrubio</strong></span> <span class='ocrx_word' id='word_1_142' title='bbox 1057 1185 1297 1239; x_wconf 85' lang='lat' dir='ltr'><strong>sectamque</strong></span> <span class='ocrx_word' id='word_1_143' title='bbox 1318 1181 1410 1239; x_wconf 86' lang='lat' dir='ltr'><strong>ejus</strong></span> 
     </span>
     <span class='ocr_line' id='line_1_20' title="bbox 88 1243 1407 1303; baseline 0.001 -14"><span class='ocrx_word' id='word_1_144' title='bbox 88 1245 281 1302; x_wconf 81' lang='lat' dir='ltr'><strong>sequutis</strong></span> <span class='ocrx_word' id='word_1_145' title='bbox 320 1248 537 1303; x_wconf 82' lang='lat' dir='ltr'><strong>precatum</strong></span> <span class='ocrx_word' id='word_1_146' title='bbox 566 1244 730 1289; x_wconf 84' lang='lat' dir='ltr'><strong>venisse</strong></span> <span class='ocrx_word' id='word_1_147' title='bbox 771 1243 846 1289; x_wconf 89' lang='lat' dir='ltr'><strong>sed</strong></span> <span class='ocrx_word' id='word_1_148' title='bbox 880 1260 955 1302; x_wconf 89' lang='lat' dir='ltr'><strong>pro</strong></span> <span class='ocrx_word' id='word_1_149' title='bbox 996 1244 1200 1289; x_wconf 86' lang='lat' dir='ltr'><strong>Fundano</strong></span> <span class='ocrx_word' id='word_1_150' title='bbox 1240 1246 1407 1303; x_wconf 89' lang='lat' dir='ltr'><strong>populo,</strong></span> 
     </span>
     <span class='ocr_line' id='line_1_21' title="bbox 88 1308 1409 1367; baseline 0.001 -13"><span class='ocrx_word' id='word_1_151' title='bbox 88 1324 213 1367; x_wconf 86' lang='lat' dir='ltr'><strong>quem</strong></span> <span class='ocrx_word' id='word_1_152' title='bbox 233 1312 354 1354; x_wconf 83' lang='lat' dir='ltr'><strong>extra</strong></span> <span class='ocrx_word' id='word_1_153' title='bbox 367 1309 531 1367; x_wconf 88' lang='lat' dir='ltr'><strong>culpam</strong></span> <span class='ocrx_word' id='word_1_154' title='bbox 545 1308 645 1353; x_wconf 90' lang='lat' dir='ltr'><strong>belli</strong></span> <span class='ocrx_word' id='word_1_155' title='bbox 664 1324 756 1353; x_wconf 89' lang='lat' dir='ltr'><strong>esse</strong></span> <span class='ocrx_word' id='word_1_156' title='bbox 771 1309 908 1367; x_wconf 87' lang='lat' dir='ltr'><strong>ipsum</strong></span> <span class='ocrx_word' id='word_1_157' title='bbox 925 1309 1167 1354; x_wconf 85' lang='lat' dir='ltr'><strong>Vitrubium</strong></span> <span class='ocrx_word' id='word_1_158' title='bbox 1179 1309 1409 1367; x_wconf 64' lang='lat' dir='ltr'><strong>judicasse,</strong></span> 
     </span>
     <span class='ocr_line' id='line_1_22' title="bbox 87 1373 1409 1433; baseline 0.001 -15"><span class='ocrx_word' id='word_1_159' title='bbox 87 1389 219 1431; x_wconf 92' lang='lat' dir='ltr'><strong>quum</strong></span> <span class='ocrx_word' id='word_1_160' title='bbox 243 1373 554 1431; x_wconf 85' lang='lat' dir='ltr'><strong>receptaculum</strong></span> <span class='ocrx_word' id='word_1_161' title='bbox 582 1373 694 1432; x_wconf 83' lang='lat' dir='ltr'><strong>fugae</strong></span> <span class='ocrx_word' id='word_1_162' title='bbox 722 1373 969 1418; x_wconf 79' lang='lat' dir='ltr'><strong>Privernum</strong></span> <span class='ocrx_word' id='word_1_163' title='bbox 1000 1374 1194 1419; x_wconf 86' lang='lat' dir='ltr'><strong>habuerit</strong></span> <span class='ocrx_word' id='word_1_164' title='bbox 1224 1390 1307 1418; x_wconf 90' lang='lat' dir='ltr'><strong>nou</strong></span> <span class='ocrx_word' id='word_1_165' title='bbox 1338 1391 1409 1433; x_wconf 85' lang='lat' dir='ltr'><strong>pa-</strong></span> 
     </span>
     <span class='ocr_line' id='line_1_23' title="bbox 85 1437 1409 1496; baseline 0.001 -14"><span class='ocrx_word' id='word_1_166' title='bbox 85 1439 212 1483; x_wconf 83' lang='lat' dir='ltr'><strong>triam</strong></span> <span class='ocrx_word' id='word_1_167' title='bbox 230 1437 482 1482; x_wconf 85' lang='lat' dir='ltr'><strong>Fundanos:</strong></span> <span class='ocrx_word' id='word_1_168' title='bbox 513 1437 705 1482; x_wconf 78' lang='lat' dir='ltr'><strong>Priverni</strong></span> <span class='ocrx_word' id='word_1_169' title='bbox 733 1438 865 1496; x_wconf 87' lang='lat' dir='ltr'><strong>igitur</strong></span> <span class='ocrx_word' id='word_1_170' title='bbox 892 1440 1036 1483; x_wconf 89' lang='lat' dir='ltr'><strong>hostes</strong></span> <span class='ocrx_word' id='word_1_171' title='bbox 1058 1439 1203 1496; x_wconf 89' lang='lat' dir='ltr'><strong>populi</strong></span> <span class='ocrx_word' id='word_1_172' title='bbox 1228 1439 1409 1484; x_wconf 84' lang='lat' dir='ltr'><strong>Romani</strong></span> 
     </span>
     <span class='ocr_line' id='line_1_24' title="bbox 86 1501 1407 1561; baseline 0.001 -14"><span class='ocrx_word' id='word_1_173' title='bbox 86 1502 333 1561; x_wconf 86' lang='lat' dir='ltr'><strong>quaerendos</strong></span> <span class='ocrx_word' id='word_1_174' title='bbox 361 1501 754 1560; x_wconf 88' lang='lat' dir='ltr'><strong>persequendosque</strong></span> <span class='ocrx_word' id='word_1_175' title='bbox 776 1518 880 1556; x_wconf 86' lang='lat' dir='ltr'><strong>esse,</strong></span> <span class='ocrx_word' id='word_1_176' title='bbox 905 1503 978 1561; x_wconf 84' lang='lat' dir='ltr'><strong>qui</strong></span> <span class='ocrx_word' id='word_1_177' title='bbox 1004 1503 1130 1547; x_wconf 90' lang='lat' dir='ltr'><strong>simul</strong></span> <span class='ocrx_word' id='word_1_178' title='bbox 1149 1518 1175 1547; x_wconf 84' lang='lat' dir='ltr'><strong>a</strong></span> <span class='ocrx_word' id='word_1_179' title='bbox 1193 1503 1407 1548; x_wconf 89' lang='lat' dir='ltr'><strong>Fundanis</strong></span> 
     </span>
     <span class='ocr_line' id='line_1_25' title="bbox 85 1566 1405 1624; baseline 0 -12"><span class='ocrx_word' id='word_1_180' title='bbox 85 1582 135 1612; x_wconf 89' lang='lat' dir='ltr'><strong>ac</strong></span> <span class='ocrx_word' id='word_1_181' title='bbox 169 1567 372 1612; x_wconf 84' lang='lat' dir='ltr'><strong>Romanis</strong></span> <span class='ocrx_word' id='word_1_182' title='bbox 408 1566 627 1624; x_wconf 88' lang='lat' dir='ltr'><strong>utriusque</strong></span> <span class='ocrx_word' id='word_1_183' title='bbox 663 1566 809 1624; x_wconf 86' lang='lat' dir='ltr'><strong>patriae</strong></span> <span class='ocrx_word' id='word_1_184' title='bbox 848 1567 1111 1612; x_wconf 85' lang='lat' dir='ltr'><strong>immemores</strong></span> <span class='ocrx_word' id='word_1_185' title='bbox 1153 1567 1405 1612; x_wconf 88' lang='lat' dir='ltr'><strong>defecerint:</strong></span> 
     </span>
     <span class='ocr_line' id='line_1_26' title="bbox 84 1630 1408 1690; baseline 0.001 -15"><span class='ocrx_word' id='word_1_186' title='bbox 84 1630 299 1676; x_wconf 76' lang='lat' dir='ltr'><strong>Fundanis</strong></span> <span class='ocrx_word' id='word_1_187' title='bbox 335 1645 480 1689; x_wconf 90' lang='lat' dir='ltr'><strong>pacem</strong></span> <span class='ocrx_word' id='word_1_188' title='bbox 515 1645 607 1675; x_wconf 88' lang='lat' dir='ltr'><strong>esse</strong></span> <span class='ocrx_word' id='word_1_189' title='bbox 642 1634 685 1675; x_wconf 92' lang='lat' dir='ltr'><strong>et</strong></span> <span class='ocrx_word' id='word_1_190' title='bbox 721 1631 880 1675; x_wconf 88' lang='lat' dir='ltr'><strong>animos</strong></span> <span class='ocrx_word' id='word_1_191' title='bbox 917 1632 1130 1676; x_wconf 87' lang='lat' dir='ltr'><strong>Romanos</strong></span> <span class='ocrx_word' id='word_1_192' title='bbox 1166 1636 1209 1676; x_wconf 92' lang='lat' dir='ltr'><strong>et</strong></span> <span class='ocrx_word' id='word_1_193' title='bbox 1244 1636 1408 1690; x_wconf 85' lang='lat' dir='ltr'><strong>gratam</strong></span> 
     </span>
     <span class='ocr_line' id='line_1_27' title="bbox 83 1695 1407 1752; baseline 0.001 -12"><span class='ocrx_word' id='word_1_194' title='bbox 83 1695 326 1740; x_wconf 90' lang='lat' dir='ltr'><strong>memoriam</strong></span> <span class='ocrx_word' id='word_1_195' title='bbox 365 1698 546 1752; x_wconf 85' lang='lat' dir='ltr'><strong>acceptae</strong></span> <span class='ocrx_word' id='word_1_196' title='bbox 586 1695 796 1740; x_wconf 81' lang='lat' dir='ltr'><strong>civitatis:</strong></span> <span class='ocrx_word' id='word_1_197' title='bbox 848 1710 967 1740; x_wconf 89' lang='lat' dir='ltr'><strong>orare</strong></span> <span class='ocrx_word' id='word_1_198' title='bbox 1015 1711 1059 1740; x_wconf 92' lang='lat' dir='ltr'><strong>se</strong></span> <span class='ocrx_word' id='word_1_199' title='bbox 1100 1695 1314 1741; x_wconf 86' lang='lat' dir='ltr'><strong>consulem</strong></span> <span class='ocrx_word' id='word_1_200' title='bbox 1358 1702 1407 1741; x_wconf 91' lang='lat' dir='ltr'><strong>ut</strong></span> 
     </span>
     <span class='ocr_line' id='line_1_28' title="bbox 83 1758 1407 1818; baseline 0 -13"><span class='ocrx_word' id='word_1_201' title='bbox 83 1759 237 1805; x_wconf 91' lang='lat' dir='ltr'><strong>bellum</strong></span> <span class='ocrx_word' id='word_1_202' title='bbox 263 1759 315 1804; x_wconf 87' lang='lat' dir='ltr'><strong>ab</strong></span> <span class='ocrx_word' id='word_1_203' title='bbox 343 1759 513 1804; x_wconf 78' lang='lat' dir='ltr'><strong>innoxio</strong></span> <span class='ocrx_word' id='word_1_204' title='bbox 540 1758 695 1817; x_wconf 88' lang='lat' dir='ltr'><strong>populo</strong></span> <span class='ocrx_word' id='word_1_205' title='bbox 723 1759 958 1804; x_wconf 85' lang='lat' dir='ltr'><strong>abstineat:</strong></span> <span class='ocrx_word' id='word_1_206' title='bbox 992 1775 1114 1818; x_wconf 82' lang='lat' dir='ltr'><strong>agros</strong></span> <span class='ocrx_word' id='word_1_207' title='bbox 1144 1759 1287 1805; x_wconf 89' lang='lat' dir='ltr'><strong>urbem</strong></span> <span class='ocrx_word' id='word_1_208' title='bbox 1317 1775 1407 1806; x_wconf 86' lang='lat' dir='ltr'><strong>cor-</strong></span> 
     </span>
     <span class='ocr_line' id='line_1_29' title="bbox 82 1823 1402 1882; baseline -0.001 -13"><span class='ocrx_word' id='word_1_209' title='bbox 82 1839 187 1882; x_wconf 89' lang='lat' dir='ltr'><strong>pora</strong></span> <span class='ocrx_word' id='word_1_210' title='bbox 224 1824 412 1882; x_wconf 86' lang='lat' dir='ltr'><strong>ipsorum</strong></span> <span class='ocrx_word' id='word_1_211' title='bbox 451 1823 766 1882; x_wconf 79' lang='lat' dir='ltr'><strong>conjugumque</strong></span> <span class='ocrx_word' id='word_1_212' title='bbox 802 1839 850 1868; x_wconf 87' lang='lat' dir='ltr'><strong>ac</strong></span> <span class='ocrx_word' id='word_1_213' title='bbox 886 1823 1110 1868; x_wconf 88' lang='lat' dir='ltr'><strong>liberorum</strong></span> <span class='ocrx_word' id='word_1_214' title='bbox 1152 1840 1323 1869; x_wconf 87' lang='lat' dir='ltr'><strong>suorum</strong></span> <span class='ocrx_word' id='word_1_215' title='bbox 1361 1826 1402 1870; x_wconf 88' lang='lat' dir='ltr'><strong>in</strong></span> 
     </span>
     <span class='ocr_line' id='line_1_30' title="bbox 82 1887 1470 1947; baseline 0 -13"><span class='ocrx_word' id='word_1_216' title='bbox 82 1891 295 1947; x_wconf 83' lang='lat' dir='ltr'><strong>potestate</strong></span> <span class='ocrx_word' id='word_1_217' title='bbox 329 1887 474 1946; x_wconf 90' lang='lat' dir='ltr'><strong>populi</strong></span> <span class='ocrx_word' id='word_1_218' title='bbox 504 1887 686 1932; x_wconf 87' lang='lat' dir='ltr'><strong>Romani</strong></span> <span class='ocrx_word' id='word_1_219' title='bbox 721 1903 812 1932; x_wconf 84' lang='lat' dir='ltr'><strong>esse</strong></span> <span class='ocrx_word' id='word_1_220' title='bbox 847 1887 1086 1946; x_wconf 87' lang='lat' dir='ltr'><strong>futuraque.</strong></span> <span class='ocrx_word' id='word_1_221' title='bbox 1148 1888 1405 1934; x_wconf 84' lang='lat' dir='ltr'><strong>Collaudatis</strong></span> <span class='ocrx_word' id='word_1_222' title='bbox 1422 1897 1470 1934; x_wconf 88' lang='lat'><strong>10</strong></span> 
     </span>
     <span class='ocr_line' id='line_1_31' title="bbox 82 1952 1406 2010; baseline 0.001 -12"><span class='ocrx_word' id='word_1_223' title='bbox 82 1953 298 1998; x_wconf 84' lang='lat' dir='ltr'><strong>Fundanis</strong></span> <span class='ocrx_word' id='word_1_224' title='bbox 335 1952 481 1998; x_wconf 81' lang='lat' dir='ltr'><strong>consul</strong></span> <span class='ocrx_word' id='word_1_225' title='bbox 516 1952 752 2010; x_wconf 84' lang='lat' dir='ltr'><strong>litterisque</strong></span> <span class='ocrx_word' id='word_1_226' title='bbox 786 1953 964 1996; x_wconf 90' lang='lat' dir='ltr'><strong>Romam</strong></span> <span class='ocrx_word' id='word_1_227' title='bbox 1001 1953 1152 2007; x_wconf 84' lang='lat' dir='ltr'><strong>missis,</strong></span> <span class='ocrx_word' id='word_1_228' title='bbox 1188 1954 1233 1998; x_wconf 88' lang='lat' dir='ltr'><strong>in</strong></span> <span class='ocrx_word' id='word_1_229' title='bbox 1273 1954 1406 1999; x_wconf 88' lang='lat' dir='ltr'><strong>officio</strong></span> 
     </span>
     <span class='ocr_line' id='line_1_32' title="bbox 82 2015 1463 2069; baseline 0.001 -7"><span class='ocrx_word' id='word_1_230' title='bbox 82 2016 310 2062; x_wconf 85' lang='lat' dir='ltr'><strong>Fundanos</strong></span> <span class='ocrx_word' id='word_1_231' title='bbox 345 2032 450 2069; x_wconf 86' lang='lat' dir='ltr'><strong>esse,</strong></span> <span class='ocrx_word' id='word_1_232' title='bbox 482 2015 535 2061; x_wconf 89' lang='lat' dir='ltr'><strong>ad</strong></span> <span class='ocrx_word' id='word_1_233' title='bbox 569 2016 819 2060; x_wconf 77' lang='lat' dir='ltr'><strong>Privernum</strong></span> <span class='ocrx_word' id='word_1_234' title='bbox 855 2017 972 2061; x_wconf 82' lang='lat' dir='ltr'><strong>flexit</strong></span> <span class='ocrx_word' id='word_1_235' title='bbox 1007 2017 1099 2062; x_wconf 82' lang='lat' dir='ltr'><strong>iter.</strong></span> <span class='ocrx_word' id='word_1_236' title='bbox 1163 2018 1288 2062; x_wconf 93' lang='lat' dir='ltr'><strong>Prius</strong></span> <span class='ocrx_word' id='word_1_237' title='bbox 1323 2020 1463 2064; x_wconf 80' lang='lat' dir='ltr'><strong>aui-11</strong></span> 
     </span>
     <span class='ocr_line' id='line_1_33' title="bbox 83 2081 1406 2139; baseline 0.001 -12"><span class='ocrx_word' id='word_1_238' title='bbox 83 2081 348 2127; x_wconf 85' lang='lat' dir='ltr'><strong>madversum</strong></span> <span class='ocrx_word' id='word_1_239' title='bbox 382 2081 427 2125; x_wconf 90' lang='lat' dir='ltr'><strong>in</strong></span> <span class='ocrx_word' id='word_1_240' title='bbox 458 2097 530 2126; x_wconf 91' lang='lat' dir='ltr'><strong>eos</strong></span> <span class='ocrx_word' id='word_1_241' title='bbox 566 2081 636 2139; x_wconf 91' lang='lat' dir='ltr'><strong>qui</strong></span> <span class='ocrx_word' id='word_1_242' title='bbox 673 2081 810 2139; x_wconf 85' lang='lat' dir='ltr'><strong>capita</strong></span> <span class='ocrx_word' id='word_1_243' title='bbox 845 2082 1143 2139; x_wconf 81' lang='lat' dir='ltr'><strong>conjurationis</strong></span> <span class='ocrx_word' id='word_1_244' title='bbox 1178 2083 1345 2128; x_wconf 85' lang='lat' dir='ltr'><strong>fuerant</strong></span> <span class='ocrx_word' id='word_1_245' title='bbox 1382 2100 1406 2128; x_wconf 84' lang='lat' dir='ltr'><strong>a</strong></span> 
     </span>
     <span class='ocr_line' id='line_1_34' title="bbox 84 2144 1405 2206; baseline 0 -14"><span class='ocrx_word' id='word_1_246' title='bbox 84 2146 255 2192; x_wconf 86' lang='lat' dir='ltr'><strong>consule</strong></span> <span class='ocrx_word' id='word_1_247' title='bbox 294 2144 440 2190; x_wconf 88' lang='lat' dir='ltr'><strong>scribit</strong></span> <span class='ocrx_word' id='word_1_248' title='bbox 481 2145 707 2190; x_wconf 86' lang='lat' dir='ltr'><strong>Claudius:</strong></span> <span class='ocrx_word' id='word_1_249' title='bbox 755 2145 808 2190; x_wconf 89' lang='lat' dir='ltr'><strong>ad</strong></span> <span class='ocrx_word' id='word_1_250' title='bbox 847 2150 1059 2191; x_wconf 87' lang='lat' dir='ltr'><strong>trecentos</strong></span> <span class='ocrx_word' id='word_1_251' title='bbox 1100 2148 1405 2206; x_wconf 84' lang='lat' dir='ltr'><strong>quinquaginta</strong></span> 
     </span>
     <span class='ocr_line' id='line_1_35' title="bbox 86 2209 1403 2272; baseline 0 -14"><span class='ocrx_word' id='word_1_252' title='bbox 86 2225 140 2257; x_wconf 81' lang='lat' dir='ltr'><strong>ex</strong></span> <span class='ocrx_word' id='word_1_253' title='bbox 179 2210 408 2270; x_wconf 87' lang='lat' dir='ltr'><strong>conjuratis</strong></span> <span class='ocrx_word' id='word_1_254' title='bbox 447 2209 611 2255; x_wconf 86' lang='lat' dir='ltr'><strong>vinctos</strong></span> <span class='ocrx_word' id='word_1_255' title='bbox 651 2209 830 2255; x_wconf 89' lang='lat' dir='ltr'><strong>Romam</strong></span> <span class='ocrx_word' id='word_1_256' title='bbox 871 2211 1032 2266; x_wconf 88' lang='lat' dir='ltr'><strong>missos,</strong></span> <span class='ocrx_word' id='word_1_257' title='bbox 1074 2227 1248 2272; x_wconf 87' lang='lat' dir='ltr'><strong>eamque</strong></span> <span class='ocrx_word' id='word_1_258' title='bbox 1289 2212 1403 2258; x_wconf 84' lang='lat' dir='ltr'><strong>dedi-</strong></span> 
     </span>
    </p>
   </div>
  </div>
 </body>
</html>
