1649 2452
513 92 862 132 ARGUMENTA.
1261 87 1302 125 ix

560 273 660 311 LIB.
689 273 802 312 XVI.

134 357 266 394 ORIGO
298 355 674 404 Carthaginiensium
708 364 747 393 ct
781 356 991 404 primordia
1024 354 1129 392 urbis
1168 366 1299 391 eorum

88 405 325 441 referuntur:
366 409 501 441 contra
533 417 629 452 quos
657 410 697 441 ct
728 406 937 441 Hieronem
970 415 1100 451 regern
1134 403 1301 450 Syracu-

86 464 265 490 sanorum
283 452 469 489 auxilium
485 452 727 489 Mamertinis
744 452 942 489 ferendum
960 456 1118 488 senatus
1136 451 1296 495 censuit,

85 513 204 548 quum
217 500 266 536 de
278 512 325 537 ea
334 513 376 537 re
388 501 491 537 inter
500 501 706 538 suadentes
717 507 761 538 ut
777 501 816 537 id
834 502 944 537 fieret
959 499 1304 546 dissuadentesque

86 549 282 585 contentio
298 549 445 585 fuisset.
494 549 761 596 Transgressis
778 556 862 585 tum
880 550 1050 596 primum
1071 559 1179 584 mare
1196 547 1302 594 equi-

85 597 189 634 tibus
210 596 398 633 Romanis
421 596 605 633 adversus
631 597 839 634 Hieronem
865 598 1008 644 saepius
1029 597 1127 632 bene
1149 607 1300 643 pugna·

84 650 180 681 tum.
229 645 384 682 Petenti
400 657 479 692 pax
502 645 595 681 data
612 651 682 682 est.
732 645 915 682 Lustrum
932 658 956 681 a
972 645 1192 681 censoribus
1214 655 1302 680 con-

84 693 210 729 ditum
235 697 315 731 est:
339 705 455 730 censa
478 698 570 729 sunt
594 694 733 730 civium
759 694 889 741 capita
911 693 1079 729 ducenta
1100 693 1298 739 octoginta

84 741 160 777 duo
177 741 297 777 millia
313 741 480 778 ducenta
496 742 659 788 triginta
675 747 871 789 quattuor.
926 741 973 778 D.
994 742 1016 777 J
1023 742 1135 777 unius
1158 741 1302 776 Brutus

83 801 223 826 munus
246 789 521 837 gladiatorium
547 790 586 825 in
610 790 794 826 honorem
826 790 997 826 defuncti
1026 789 1150 836 patris
1179 788 1302 824 edidit

82 838 241 884 primus.
299 837 456 874 Colonia
479 837 656 873 AEsernia
679 837 848 874 deducta
870 842 943 874 est.
991 837 1068 874 Res
1092 841 1233 884 praetcr
1257 848 1304 873 ea

82 889 220 923 contra
231 885 376 922 Poenos
393 890 434 922 et
451 885 649 922 Vulsinios
665 898 850 934 prospere
866 891 998 934 gestas
1015 887 1198 922 continet.

554 1025 654 1064 LIB.
680 1025 816 1064 xvn.
857 1072 860 1074 ³

129 1111 202 1148 CN.
219 1110 459 1148 CORNELIUS
483 1108 617 1145 consul
641 1121 666 1145 a
689 1108 811 1145 classe
841 1108 987 1145 Punica
1017 1109 1302 1146 circumventus

80 1163 120 1195 et
166 1171 208 1195 er
223 1157 400 1194 fraudem
417 1156 536 1193 veluti
553 1157 593 1192 in
610 1157 843 1204 colloquium
861 1162 1044 1194 evocatus
1069 1160 1209 1204 captus
1224 1161 1296 1193 est.

81 1171 298 1244 albuinus
325 1205 458 1242 consul
486 1204 670 1241 adversus
698 1206 860 1242 classem
885 1205 1089 1241 Poenorum
1115 1217 1300 1252 prospere

78 1255 269 1303 pugnavit
284 1254 509 1301 primusque
526 1253 698 1289 omnium
715 1253 976 1290 Romanorum
994 1254 1135 1290 ducum
1153 1254 1300 1290 navalis

77 1303 243 1340 vietoriae
261 1302 375 1338 duxit
391 1301 645 1349 triumphum,
662 1301 712 1338 ob
729 1314 846 1349 quam
863 1314 1019 1338 causam
1033 1302 1069 1338 ei
1085 1306 1298 1348 perpetuus

77 1351 198 1388 honos
225 1351 382 1387 habitus
411 1354 471 1386 est
498 1353 543 1386 ut
571 1350 780 1386 revertenti
805 1363 829 1387 a
857 1362 953 1386 cena
979 1351 1157 1386 tibicines
1185 1362 1295 1386 cane-

76 1404 164 1436 rent
180 1404 221 1436 et
236 1398 367 1435 funale
389 1398 645 1445 praeferretur.
698 1398 740 1435 L.
766 1398 964 1436 Cornelius
989 1398 1118 1434 consul
1143 1399 1184 1433 in
1208 1397 1294 1435 Sar-

76 1448 183 1484 dinia
204 1451 246 1484 et
270 1447 427 1486 Corsica
450 1450 586 1482 contra.
610 1445 754 1483 Sardos
777 1451 818 1482 et
841 1447 978 1484 Corsos
1003 1450 1043 1482 et
1061 1446 1295 1482 Hannonem

74 1496 280 1532 Poenorum
312 1495 451 1531 ducem
478 1495 642 1531 feliciter
669 1495 870 1542 pugnavit.
922 1495 1066 1531 Atilius
1095 1494 1295 1532 Calatinus

74 1544 208 1581 consul
233 1555 353 1591 quum
381 1543 422 1579 iu
445 1542 572 1579 locum
596 1543 772 1590 iniquum
796 1555 820 1580 a
848 1543 979 1579 Poenis
1001 1543 1295 1579 circumsessum

73 1596 221 1629 temere
237 1592 451 1628 exercitum
468 1590 654 1636 duxisset,
675 1591 730 1628 M.
746 1592 947 1639 Calpurnii
963 1591 1110 1627 tribuni
1126 1591 1294 1627 militum

73 1642 217 1678 virtute
234 1644 275 1677 et
291 1651 411 1687 opera
427 1639 562 1684 evasit,
582 1640 649 1686 qui
665 1651 753 1676 cum
771 1640 957 1676 trecentis
978 1639 1165 1675 militibus
1182 1650 1293 1685 erup-

72 1690 176 1725 tione
206 1689 313 1725 facta
343 1687 476 1724 hostes
513 1687 554 1723 in
586 1699 628 1723 se
659 1691 915 1725 converterat.
977 1687 1175 1724 Hannibal
1208 1686 1292 1725 dux.

74 1738 284 1774 Poenorum
301 1736 403 1772 victa
420 1736 554 1781 classe,
575 1736 634 1771 cui
653 1737 870 1782 praefuerat,
891 1748 916 1772 a
939 1736 1126 1772 militibus
1149 1735 1226 1770 suis
1252 1735 1292 1772 in

71 1797 222 1823 crucem
247 1785 422 1821 sublatus
447 1787 519 1820 cst.
572 1784 713 1821 Atilius
738 1784 909 1831 Regulus
931 1783 1064 1821 consul
1088 1784 1198 1820 victis
1224 1795 1291 1820 na·

73 1835 147 1871 vali
162 1833 297 1882 proelio
314 1832 445 1870 Poenis
461 1832 501 1868 in
518 1831 691 1869 Africam
707 1832 872 1880 trajecit.

536 1966 636 2004 LIB.
668 1964 766 2002 XVI
774 1964 788 2000 1
792 1963 824 2002 Ι.

119 2051 287 2088 ATILIUS
320 2050 491 2099 Regulus
522 2051 563 2087 in
596 2050 726 2086 Africa
765 2050 982 2095 serpentem
1025 2050 1287 2094 portentuosae

72 2099 349 2146 magnitudinis
365 2112 453 2136 cum
469 2111 613 2146 magna
628 2098 795 2134 militum
813 2097 923 2132 clade
940 2095 1093 2140 occidit,
1111 2099 1151 2131 et
1167 2107 1286 2141 quum

69 2148 216 2194 aliquot
235 2148 384 2195 proeliis
405 2148 503 2185 bene
518 2147 702 2184 adversus
723 2145 1061 2192 Carthaginienses
1076 2144 1288 2191 pugnasset

70 2207 340 2244 successorque
367 2197 403 2234 ei
431 2209 456 2234 a.
484 2200 622 2233 senatu
650 2204 834 2242 prospere
861 2193 1004 2229 bellum
1028 2192 1179 2240 gerenti
1207 2203 1284 2228 non

70 2245 301 2292 mitteretur,
335 2244 374 2282 id
407 2245 534 2294 ipsum
569 2256 638 2293 per
669 2243 821 2280 litteras
854 2241 904 2278 ad
938 2246 1112 2279 senatum
1147 2240 1285 2278 missas
