1649 2452
173 137 251 176 562
489 139 537 176 T.
566 136 717 176 LIVII
750 136 1169 176 HISTORIARUM

172 232 277 285 erat,
297 231 439 275 tamen
459 230 672 288 utrimque
691 231 830 274 tutam
851 231 982 276 aciem
1002 231 1183 277 dictator
1200 191 1382 286 hab[11Aii:‚c
1385 191 1489 291 qffla

171 298 215 339 ct
234 295 373 339 locum
398 294 511 340 haud
532 294 696 338 facilem
716 294 770 339 ad
800 295 1212 340 circumveniundum
1233 297 1345 355 cepit
1365 299 1409 341 et
1429 295 1490 342 di-

170 375 291 403 versa
330 360 481 403 statuit
522 358 668 416 signa:
720 358 913 403 infestior
951 363 1094 404 tamen
1131 361 1176 404 in
1222 365 1490 418 erumpentes

169 424 340 468 incessit
362 439 437 467 nec
458 438 610 480 magno
627 423 851 467 certamine
873 424 984 468 intra
996 425 1146 469 nioenia
1167 424 1379 482 compulit,
1397 428 1490 470 tum

169 491 302 531 totam
333 488 461 532 aciem
490 487 535 530 iu
564 487 771 531 Samnites
800 487 1008 532 obvertit:
1041 488 1099 533 ibi
1127 488 1222 545 plus
1251 489 1491 534 certaminis

169 551 263 604 fuit,
297 551 473 596 victoria
502 551 612 595 sicut
648 566 741 595 sera
774 551 836 595 ita
866 567 943 596 nec
973 552 1100 596 dubia
1128 567 1206 597 nec
1235 553 1351 597 varia
1378 553 1488 598 fuit:

169 615 254 659 susi
283 615 326 659 in
357 618 496 659 castra
528 615 735 659 Samnites
764 616 982 660 exstinctis
1012 619 1136 660 nocte
1164 616 1332 673 ignibus
1359 616 1490 676 tacito

169 679 333 737 agmine
354 679 523 732 abeunt,
538 683 581 724 et
603 694 676 736 spe
693 679 854 736 abjecta
872 679 1066 725 Saticulae
1086 680 1254 725 tuendae
1274 679 1490 725 Plisticam

169 743 247 800 ipsi
281 744 415 788 socios
446 743 747 799 Romanorum,
778 748 827 788 ut
857 759 997 801 parem
1034 743 1220 789 dolorem
1253 744 1367 790 hosti
1395 743 1490 794 retl-

170 806 330 860 derant,
353 807 669 852 circumsidunt.

46 874 153 928 (22)
226 872 350 915 Anno
391 871 645 916 circumacto
681 871 836 916 bellum
871 871 1065 929 deinceps
1102 871 1153 916 ab
1191 871 1395 917 dictatore
1430 872 1488 922 Q..

169 935 298 980 Fabio
320 944 484 994 gestum
508 943 585 988 est,
610 936 799 980 consules
825 937 923 980 novi
947 937 1057 981 sicut
1084 937 1319 995 superiores
1341 937 1488 985 Romae

131 1003 423 1043 2manserunt.
484 999 639 1043 Fabius
670 999 721 1044 ad
757 1000 1043 1058 accipiendum
1078 1000 1130 1045 ab
1165 1001 1336 1045 AEmilio
1370 1016 1490 1046 exer-

170 1064 298 1107 eitum
340 1063 393 1107 ad
434 1063 660 1108 Saticulam
700 1080 795 1108 cum
837 1064 1127 1123 supplemento
1168 1065 1310 1110 venit:
1352 1081 1488 1124 neque

169 1127 279 1171 euim
308 1128 515 1173 Sanmites
545 1127 597 1172 ad
623 1127 839 1174 Plisticam
871 1132 1123 1181 manserant,
1157 1129 1231 1174 sed
1260 1129 1405 1175 accitis
1435 1129 1488 1176 ab

170 1191 292 1236 domo
328 1193 445 1236 novis
481 1191 684 1237 militibus
719 1193 990 1238 multitudine
1030 1193 1130 1238 freti
1169 1198 1307 1238 castra
1339 1193 1488 1240 eodem

171 1271 252 1314 quo
288 1260 411 1300 antea
445 1256 536 1301 loco
573 1261 816 1313 posuerunt,
853 1257 1189 1316 lacessentesque
1225 1257 1370 1314 proelio
1400 1258 1489 1303 Ro-

132 1325 311 1364 31nanos
334 1324 521 1365 avertere
549 1321 600 1366 ab
629 1320 844 1370 obsidione
865 1322 1137 1366 conabantur.
1197 1322 1262 1368 Eo
1282 1322 1487 1368 intentius

169 1384 350 1429 dictator
366 1386 410 1429 in
430 1385 581 1430 moenia
594 1385 781 1430 hostium
799 1401 947 1430 versus
964 1385 1007 1430 id
1027 1385 1182 1430 bellum
1201 1386 1314 1431 tanti
1335 1385 1487 1432 ducere

170 1449 282 1506 quod
302 1449 447 1494 urbem
477 1449 758 1508 oppugnabat,
783 1450 968 1495 securior
997 1450 1049 1494 ab
1079 1449 1335 1495 Samnitibus
1363 1465 1487 1510 agere

170 1513 422 1558 stationibus
452 1513 573 1558 modo
602 1514 804 1572 oppositis
833 1530 886 1558 ne
914 1530 997 1573 qua
1023 1514 1067 1558 in
1094 1517 1232 1559 castra
1257 1515 1321 1560 vis
1341 1514 1486 1561 fieret:

170 1593 219 1621 eo
241 1578 420 1622 ferocius
442 1577 683 1636 adequitare
706 1578 914 1622 Sanmites
937 1577 1043 1623 vallo
1063 1594 1198 1637 neque
1219 1579 1350 1623 otium
1372 1579 1486 1637 pati:

170 1646 213 1686 ct
244 1658 372 1700 quum
396 1645 487 1700 jam
517 1658 646 1701 prope
681 1643 725 1687 in
760 1643 892 1702 portis
924 1647 1157 1687 castrorum
1191 1647 1303 1688 esset
1338 1643 1485 1698 hostis,

169 1707 272 1751 nihil
311 1706 503 1751 consulto
544 1706 747 1752 dictatore
789 1708 989 1765 magister
1024 1707 1213 1765 equitum
1254 1707 1303 1761 Q.
1334 1707 1487 1753 Aulius

171 1771 424 1816 Cerretanus
453 1787 604 1829 magno
632 1771 821 1816 tumultu
849 1787 946 1816 cum
973 1771 1166 1816 omnibus
1193 1771 1344 1816 turmis
1372 1772 1488 1831 equi-

133 1841 157 1877 4
170 1839 259 1879 tum
275 1840 446 1880 evectus
460 1835 671 1880 submovit
687 1836 864 1881 hostem.
916 1836 1023 1880 Tum
1040 1835 1084 1880 iu
1102 1835 1268 1880 minime
1284 1836 1487 1894 pertinaci

171 1915 322 1955 genere
359 1916 512 1958 pugnae
550 1901 610 1945 sic
645 1901 816 1945 fortuna
850 1900 1038 1945 exercuit
1072 1916 1185 1959 opeS‚
1216 1904 1266 1945 ut
1300 1901 1486 1960 insignes

171 1964 380 2022 utrimque
403 1963 540 2008 clades
562 1967 605 2009 ct
626 1964 737 2009 clara
758 1965 944 2023 ipsorum
972 1964 1126 2010 ducum
1154 1963 1296 2009 ederet
1324 1965 1484 2012 funera.

135 2041 156 2076 5
172 2029 292 2072 Prior
314 2029 563 2072 Samnitium
584 2029 812 2087 imperator
833 2045 943 2088 aegre
964 2030 1141 2087 patiens,
1165 2043 1248 2088 quo
1269 2033 1356 2074 tam
1378 2030 1487 2075 sero·

171 2093 274 2136 citer
293 2092 577 2151 adequitasset
605 2093 701 2138 inde
729 2109 773 2138 se
802 2093 922 2139 fundi
951 2093 1183 2152 fugarique,
1206 2093 1363 2138 orando
1391 2094 1486 2140 hor-

171 2155 380 2214 tandoque
412 2157 574 2214 equites
605 2157 796 2216 proelium
826 2158 1021 2204 iteravit:
1053 2157 1099 2203 in
1128 2173 1251 2217 quem
1279 2158 1485 2218 insignem

171 2221 280 2265 inter
301 2236 399 2265 suos
422 2222 599 2267 cientem
622 2238 807 2281 pugnam
829 2222 1029 2280 magister
1049 2222 1239 2284 equitum
1266 2222 1485 2273 Romanus

171 2285 323 2339 infesta
343 2285 513 2364 cuspide
543 2286 601 2354 ita
628 2286 816 2369 permisit
849 2302 1015 2377 equum,
1038 2290 1087 2337 ut
1118 2302 1202 2340 uuo
1228 2287 1318 2342 ictu
1344 2288 1484 2352 omniq
