1649 2452
214 115 294 157 610
532 113 576 151 T.
608 111 758 151 LIVII
790 111 1207 150 HISTORIARUM

214 207 265 252 P.
289 207 532 264 Sempronio
569 205 710 263 Sopho
745 208 789 250 et
820 205 868 249 P.
891 204 1075 261 Sulpicio
1107 162 1527 250 SaverrionteA'oiffniss

215 271 343 324 ribus,
380 271 600 328 tribusque
635 269 790 314 additae
831 269 923 313 duae
965 269 1159 314 Aniensis
1199 283 1248 313 ac
1287 269 1525 314 Terentina.

105 329 324 385 (10)Hae0
359 335 505 380 Romae
535 337 668 391 gesta.
731 333 940 378 Caeterum
973 332 1026 377 ad
1054 333 1298 391 Nequinum
1328 332 1526 390 oppidum

214 416 343 457 quum
374 400 493 457 segni
522 398 737 443 obsidione
766 401 933 455 tempus
964 400 1185 452 tereretur,
1216 396 1299 441 duo
1329 412 1382 442 ex
1410 397 1527 456 oppi-

214 463 344 517 danis,
375 479 553 522 quorum
580 466 699 507 erant
726 461 900 507 aedificia
921 461 1070 519 juncta
1095 476 1229 514 muro,
1260 475 1388 520 specu
1413 461 1527 507 facto

214 527 267 573 ad
287 528 488 572 stationes
516 527 728 571 Romanas
755 526 906 571 itinere
934 525 1099 571 occulto
1125 525 1402 583 perveniunt:
1429 525 1527 571 inde

214 591 267 636 ad
287 592 499 636 consulem
528 591 698 636 deducti
725 590 964 648 praesidium
995 593 1202 634 armatum
1223 605 1268 634 se
1294 589 1406 634 intra
1430 604 1528 634 moe·

178 657 284 702 2nia
313 659 356 700 et
386 671 527 700 muros
554 659 799 712 accepturos
828 655 1088 699 confirmant.
1150 654 1244 699 Nec
1271 653 1529 711 aspernanda

214 736 280 764 res
302 720 391 764 visa
418 735 554 778 neque
581 721 751 764 incaute
779 718 1010 764 credenda:
1043 733 1140 763 cum
1167 718 1300 764 altero
1327 733 1530 762 eorum—

214 800 310 828 nam
341 785 447 829 alter
476 784 598 829 obses
629 783 964 829 retentus—duo
996 782 1280 840 exploratores
1311 798 1387 838 per
1414 782 1530 828 cuni-

217 849 355 893 culum
375 849 504 902 missi,
525 864 600 906 per
621 863 726 906 quos
747 849 850 892 satis
872 851 1086 905 comperta
1107 862 1154 891 re
1173 847 1354 892 trecenti
1381 847 1531 891 armati

214 914 437 971 transfuga
471 913 576 957 duce
612 913 656 957 in
690 912 837 958 urbem
872 912 1053 971 ingressi
1087 915 1212 956 nocte
1241 914 1407 969 portam
1437 925 1531 969 quoe

215 978 404 1035 proxima
424 982 514 1022 erat
543 993 713 1035 cepere:
747 993 830 1035 qua
855 977 1037 1021 refracta
1063 975 1211 1021 consul
1238 975 1531 1034 exercitusque

180 1043 432 1087 3Romanus
464 1042 553 1086 sine
582 1042 808 1086 certamine
834 1041 982 1086 urbem
1009 1040 1211 1085 invasere.
1272 1039 1344 1084 Ita
1371 1039 1531 1097 Nequi·

215 1123 316 1151 num
346 1107 391 1150 in
419 1106 616 1150 ditionem
646 1105 790 1163 populi
814 1105 996 1150 Romani
1022 1105 1163 1149 venit:
1196 1103 1358 1149 colonia
1383 1119 1433 1148 eo
1460 1102 1532 1147 ad-

216 1186 363 1215 versus
394 1170 579 1215 Umbros
606 1170 734 1214 missa
761 1185 786 1213 a
808 1170 980 1214 flumine
1009 1169 1172 1214 Narnia
1202 1168 1431 1226 appellata:
1463 1183 1532 1213 ex·

215 1235 371 1280 ercitus
393 1250 488 1279 cum
508 1250 661 1292 magna
679 1233 819 1291 praeda
839 1234 1019 1278 Romam
1039 1233 1251 1278 reductus.

178 1308 203 1344 4
272 1299 433 1344 Eodem
461 1314 570 1343 anno
596 1299 646 1343 ab
674 1299 868 1343 Etruscis
897 1298 1097 1342 adversus
1121 1296 1311 1342 inducias
1338 1299 1532 1354 paratum

215 1363 394 1408 bellum:
428 1363 501 1408 sed
532 1379 602 1407 eos
634 1363 713 1407 alia
742 1362 961 1406 molientes
993 1362 1207 1407 Gallorum
1238 1361 1388 1419 ingens
1418 1375 1533 1406 exer-

181 1439 200 1474 5
217 1428 326 1473 citus
346 1428 449 1472 fines
471 1427 686 1485 ingressus
707 1426 919 1485 paulisper
940 1442 964 1470 a
985 1426 1200 1484 proposito
1228 1425 1394 1470 avertit.
1455 1425 1533 1470 Pe-

217 1493 339 1538 cunia
380 1492 540 1545 deinde,
580 1507 664 1549 qua.
701 1491 882 1536 multum
923 1494 1132 1548 poterant,
1169 1490 1268 1535 freti
1307 1490 1442 1534 socios
1481 1505 1534 1534 ex

216 1557 408 1602 hostibus
430 1557 566 1601 facere
589 1556 729 1600 Gallos
751 1559 967 1608 conantur,
985 1558 1035 1599 ut
1055 1569 1105 1599 eo
1127 1554 1325 1611 adjuncto
1345 1553 1534 1599 exercitu

180 1631 311 1669 chm
341 1621 545 1666 Romanis
580 1620 795 1666 bellarent.
857 1621 922 1664 De
957 1620 1159 1664 societate
1193 1618 1307 1664 haud
1343 1617 1534 1663 abnuunt

215 1686 392 1742 barbari,
409 1685 461 1730 de
481 1685 671 1730 mercede
694 1685 856 1743 agitur:
885 1699 968 1742 qua
988 1687 1112 1742 pacta
1131 1687 1384 1740 acceptaque
1405 1697 1533 1740 quum

215 1755 362 1809 parata
382 1754 534 1795 caetera
555 1749 607 1794 ad
627 1749 782 1794 bellum
804 1752 947 1794 essent
968 1749 1169 1806 sequique
1189 1748 1399 1792 Etruscus
1416 1747 1534 1805 jube-

215 1819 293 1868 ret,
330 1815 485 1859 infitias
507 1818 611 1858 eunt
631 1813 865 1858 mercedem
894 1828 939 1857 se
967 1812 1066 1857 belli
1096 1812 1302 1856 Romanis
1329 1810 1534 1855 inferendi

215 1883 382 1937 pactos:
416 1878 620 1937 quidquid
640 1878 889 1935 acceperint,
913 1877 1124 1935 accepisse
1143 1891 1197 1920 ne
1218 1891 1366 1933 agrum
1386 1873 1534 1918 Etrus-

217 1947 564 1990 cum'vastarent
601 1943 811 2000 armisque
851 1942 1105 1986 lacesserent
1141 1940 1347 1985 cultores:
1382 1937 1535 1982 milita-

216 2013 335 2053 turos
356 2012 498 2053 tamen
527 2023 584 2061 se,
608 2007 644 2052 si
671 2007 819 2064 utique
846 2006 1020 2051 Etrusci
1046 2005 1189 2060 velint,
1211 2003 1285 2049 sed
1313 2002 1429 2047 nulla
1456 2001 1536 2046 alia

217 2074 406 2118 mercede
428 2088 552 2131 quam
574 2077 622 2116 ut
644 2072 688 2116 iu
708 2075 870 2129 partem
892 2070 983 2129 agri
1003 2069 1261 2128 accipiantur
1280 2066 1535 2125 tandemque

183 2150 202 2188 7
219 2138 357 2195 aliqua
377 2137 475 2182 sede
496 2142 612 2181 certa
632 2136 878 2181 consistant.
939 2134 1082 2180 Multa
1101 2127 1232 2179 de'eo
1261 2131 1436 2178 concilia
1462 2144 1537 2188 po-

219 2201 411 2260 pulorum
443 2201 626 2246 Etrurioe
656 2200 801 2245 habita
834 2214 911 2244 nce
946 2199 1089 2257 perfici
1123 2197 1343 2256 quicquam
1380 2194 1534 2253 potuit,

221 2281 306 2317 nou
334 2270 422 2314 tam
452 2265 550 2327 quia
579 2265 769 2313 imminui
799 2280 945 2324 agrum
978 2279 1101 2325 quam
1133 2262 1230 2323 quia
1260 2259 1421 2309 accolas
1455 2257 1537 2309 sibi
