1649 2452
204 87 282 125 534
518 80 565 123 Τ.
594 82 745 123 LIVII
778 79 1197 123 HISTORIARUM

202 180 497 238 suppliciorum
526 181 708 238 judicem
738 181 881 235 feram,
913 182 1118 227 neminem
1147 197 1283 239 neque
1310 138 1516 239 aperiliilrii

118 258 127 285 ς
165 248 336 302 5neque
366 245 574 302 privatum
604 246 734 303 nglQ·
794 245 922 294 Quod
951 246 988 291 si
1015 246 1119 290 nihil
1149 261 1245 290 cum
1278 245 1514 303 potentiore

195 310 306 366 juris
327 309 495 353 humani
527 309 777 367 relinquitur
805 310 931 367 inopi,
953 314 996 354 at
1023 325 1102 368 ego
1131 309 1183 354 ad
1209 310 1308 354 deos
1330 309 1513 354 vindices

201 372 472 417 intoleranda:
508 373 711 430 superbiae
746 373 996 432 confugiam,
1028 378 1072 418 et
1112 374 1310 432 precabor
1348 378 1398 418 ut
1429 374 1514 418 iras

203 452 299 481 suas
334 441 498 481 vertant
528 437 571 481 in
602 451 684 490 cos,
718 437 868 495 quibus
899 453 984 482 non
1013 453 1099 482 suae
1129 438 1302 483 redditae
1331 453 1397 482 res
1428 453 1516 482 non

203 501 346 545 alienae
386 500 660 546 adcumulatae
700 501 802 546 satis
843 501 939 556 sint,
970 516 1148 559 quorum
1188 502 1391 547 saevitiam
1429 517 1516 546 non

202 580 314 610 mors
349 565 571 609 noxiorum
606 581 691 609 non
731 565 886 610 deditio
927 566 1255 610 exanimatorum
1295 581 1517 623 corporum

204 644 289 674 non
317 628 426 673 bona
455 630 673 687 sequentia
702 629 857 674 domini
887 629 1139 674 deditionem
1179 629 1399 688 exsatient,
1428 629 1518 688 pla-

205 694 290 738 cari
319 698 527 752 nequeant
557 694 639 738 nisi
668 693 941 738 hauriendum
972 694 1217 752 sanguinem
1243 693 1518 752 laniandaque

167 758 363 803 6viscera
381 761 527 802 nostra
545 757 857 817 praebuerimus.
919 758 1090 802 Justum
1118 762 1183 802 est
1210 758 1376 812 bellum,
1400 759 1518 802 Sam-

204 823 325 878 nites,
367 823 517 881 quibus
548 824 839 876 necessarium,
872 825 916 867 et
955 823 1023 880 pia
1052 837 1177 876 arma,
1212 822 1364 879 quibus
1402 822 1519 867 nulla

204 888 286 931 nisi
315 888 359 931 in
389 888 513 931 armis
542 887 793 944 relinquitur
828 903 949 945 spes:
992 887 1175 944 proinde,
1208 902 1337 944 quum
1375 902 1518 932 rerum

205 952 480 996 humanarum
514 952 739 995 maximum
777 956 1034 995 momentum
1066 952 1133 1004 sit,
1167 966 1291 1009 quam
1324 951 1518 1009 propitiis

204 1031 292 1060 rem
321 1031 446 1074 quam
476 1015 660 1060 adversis
682 1019 808 1073 agant
837 1015 926 1068 diis,
950 1030 1026 1073 pro
1053 1019 1168 1060 eerto
1196 1015 1359 1071 habete,
1379 1016 1521 1073 priora

204 1079 312 1124 bella
338 1080 537 1124 adversus
569 1079 668 1124 deos
695 1080 828 1137 magis
856 1095 981 1138 quam
1006 1080 1195 1124 homines
1223 1080 1415 1138 gessisse,
1437 1079 1518 1124 hoe

118 1150 191 1204 (2)
206 1144 316 1204 quod
355 1145 485 1188 instat
526 1143 701 1188 ducibus
741 1144 842 1202 ipsis
883 1143 961 1188 diis
1001 1148 1207 1202 gesturos.
1287 1144 1394 1189 Haec
1432 1159 1519 1188 non

202 1209 301 1254 laeta
326 1209 458 1267 magis
480 1223 603 1266 quam
624 1224 723 1252 vera
741 1207 993 1253 vaticinatus
1021 1209 1210 1253 exercitu
1229 1207 1381 1253 educto
1407 1208 1520 1254 circa

205 1273 412 1318 Caudium
443 1279 581 1317 castra
611 1288 734 1330 quam
769 1276 909 1330 potest
940 1273 1219 1317 occultissime
1248 1272 1378 1318 locat:
1419 1272 1519 1318 inde

203 1338 255 1382 ad
278 1338 494 1390 Calatiam,
517 1336 590 1381 ubi
610 1340 699 1395 jam
727 1337 918 1382 consules
947 1338 1159 1382 Romanos
1180 1343 1399 1396 castraque
1425 1353 1519 1384 esse

204 1402 411 1455 audiebat,
455 1401 607 1446 milites
649 1401 791 1446 decem
835 1409 1051 1460 pastorum
1090 1401 1239 1447 habitu
1277 1403 1411 1448 mittit
1449 1417 1519 1461 pe-

202 1482 384 1530 coraque
426 1465 614 1522 cliversos
663 1466 789 1510 alium
829 1466 927 1511 alibi
966 1465 1079 1511 haud
1124 1466 1271 1525 procul
1315 1467 1519 1513 Romanis

203 1528 373 1590 pascere
410 1530 533 1588 jubet
572 1530 826 1588 praesidiiszs'
851 1531 924 1576 ubi
964 1531 1186 1576 inciderint
1224 1531 1270 1576 in
1314 1531 1520 1590 praedato·

202 1612 283 1650 res,
317 1601 368 1640 ut
407 1595 518 1639 idem
557 1595 749 1640 onmibus
790 1611 926 1640 senno
966 1600 1144 1650 constet,
1176 1595 1361 1654 legiones
1402 1596 1521 1641 Sam-

203 1661 352 1704 nitium
384 1660 429 1704 in
456 1659 654 1717 Apuliam
684 1675 787 1714 esse,
817 1661 1038 1705 Luceriam
1068 1660 1260 1705 omnibus
1287 1661 1416 1719 copiis
1443 1661 1521 1706 cir-

7 1714 14 1728 ’
61 1726 65 1729 “
104 1719 107 1724 ’
143 1714 446 1774 ⁷2eumsedere
485 1739 563 1768 nec
601 1724 747 1782 procul
783 1724 928 1769 abesse
968 1726 1070 1784 quin
1107 1725 1150 1770 vi
1184 1725 1362 1784 capiant.
1422 1724 1521 1770 Jam

52 1798 55 1801 ’
88 1805 111 1848 ᾗ
143 1830 147 1833 .
187 1786 322 1837 ,js'et
362 1784 513 1833 rumor*
544 1793 642 1832 ante
682 1787 733 1833 de
773 1788 981 1834 industria
1019 1789 1216 1863 *Q
1256 1794 1427 1834 venerat
1466 1789 1521 1835 ad
1557 1802 1649 1842 ·‚›<‘·',

202 1854 429 1908 Romanos,
468 1851 543 1898 sed
577 1852 700 1897 fidem
737 1869 889 1898 auxere
925 1854 1078 1912 captivi
1113 1869 1163 1899 eo
1197 1855 1375 1917 maxime
1408 1846 1649 1913 quom-lvxi

165 1931 338 1967 3scrmo
378 1919 489 1962 inter
529 1932 672 1962 omnes
713 1917 982 1976 congruebat.
1047 1918 1179 1963 Haud
1216 1923 1307 1964 erat
1346 1918 1521 1964 dubium

203 1983 304 2041 quin
325 1983 545 2028 Lucerinis
567 1997 684 2040 opem
708 1982 926 2027 Romanus
957 1983 1084 2028 ferret
1112 1982 1232 2028 bonis
1260 1998 1308 2028 ae
1328 1983 1520 2029 fidelibus

55 2061 75 2098 ,¹
119 2086 125 2091 .
178 2048 339 2101 ⁴sociis,
371 2047 494 2105 simul
523 2062 577 2091 ne
606 2046 762 2104 Apulia
790 2048 924 2092 omnis
956 2047 1008 2092 ad
1038 2052 1285 2106 praesentcm
1315 2051 1520 2094 terrorem

12 2110 66 2153 3.,
98 2130 111 2153 ε
164 2112 421 2161 4deficerct:
467 2128 515 2157 ea
549 2111 685 2165 mode,
718 2128 800 2171 q—ua
818 2113 944 2166 irent,
973 2112 1225 2158 consultatio
1255 2113 1349 2158 suit.
1409 2095 1649 2161 Duae3'222-‘02

201 2176 254 2222 ad
283 2177 506 2223 Luceriam
541 2176 732 2222 ferebant
761 2178 853 2232 viae,
885 2177 1016 2223 altera
1044 2181 1198 2236 praeter
1226 2192 1342 2223 oram
1376 2178 1519 2237 superi

200 2243 325 2304 piaris
360 2246 509 2322 patena
545 2246 772 2306 apertaque
805 2242 881 2293 sed
914 2245 1071 2307 quanto
1105 2242 1240 2293 tutior
1272 2244 1395 2293 tanto
1427 2242 1517 2300 fere

438 2339 466 2357 ,χ
