1649 2452
603 84 714 124 LIB.
748 83 824 124 IX.
856 87 923 133 23,
944 87 1007 124 24.
1383 83 1460 124 565

133 137 432 238 ssdrssblli‘gisam
463 178 588 224 turba
615 179 846 238 impediens
876 179 921 224 in
955 177 1094 224 medio
1128 191 1247 223 eoesa.
1309 177 1461 223 Castra
1477 185 1501 222 8

135 243 320 288 hostium
348 246 473 302 capta
498 243 756 302 direptaque,
781 260 960 302 quorum
991 242 1132 302 praeda
1159 244 1359 287 onustum
1385 244 1459 287 mi-

135 307 251 352 litem
272 309 318 352 in
338 308 530 352 Romana
559 313 698 353 castra
728 309 910 354 dictator
936 308 1114 362 reducit,
1136 306 1460 366 haudquaquam

132 375 221 416 tam
241 373 420 418 victoria
446 372 591 418 laetum
620 388 745 431 quam
773 373 887 431 quod
916 377 1070 432 praeter
1097 372 1294 429 exiguam
1321 371 1459 417 defor-

132 440 289 482 matam
323 437 517 483 incendio
547 441 711 496 partem
744 443 885 483 cetera
920 440 1069 483 contra
1099 452 1219 496 spem
1250 436 1366 482 salva
1395 436 1459 481 in-

130 502 260 546 venit.

188 565 259 611 Ad
284 567 429 611 Soram
460 565 558 612 inde
584 565 780 620 reditum,
811 567 992 626 novique
1022 565 1214 612 consules
1239 566 1304 611 M.
1325 565 1455 612 Poeti-
1473 570 1578 623 (24)

130 629 212 675 lius
234 631 283 676 C.
308 631 519 690 Sulpicius
536 632 768 676 exercitum
791 631 842 676 ab
865 631 1070 676 dictatore
1091 631 1222 676 Fabio
1244 630 1456 690 accipiunt

129 711 282 754 magna
321 702 441 754 parte
480 701 672 742 veterum
711 696 894 742 militum
936 696 1109 741 dimissa
1146 697 1350 755 novisque
1390 711 1455 742 co·

129 760 323 806 hortibus
353 763 398 806 in
433 762 771 820 supplementum
809 761 1014 806 adductis.
1078 761 1289 807 Caeterum
1326 769 1499 820 quum2

128 830 303 884 propter
343 826 551 871 difficilem
591 826 708 871 urbis
749 827 879 871 situm
919 842 997 871 nec
1037 826 1309 885 oppugnandi
1350 826 1455 871 satis

128 895 244 935 certa
264 891 373 935 ratio
392 891 570 936 iniretur
598 896 642 936 et
670 895 744 935 aut
771 895 960 949 tempore
988 891 1219 950 longinqua
1248 895 1322 936 aut
1351 907 1457 950 prae·

127 970 226 1012 ceps
247 955 432 1013 periculo
452 955 629 1000 victoria
655 959 780 1009 esset,
807 957 992 1000 Soranus
1019 957 1242 1014 transfuga
1268 955 1374 1001 clam
1402 971 1456 1001 ex

127 1019 282 1078 oppido
304 1020 519 1078 profectus
541 1036 673 1078 quum
694 1020 747 1064 ad
767 1020 917 1079 vigiles
938 1021 1154 1066 Romanos
1174 1021 1452 1079 penetrasset,

126 1083 224 1130 duci
251 1100 296 1130 se
324 1085 534 1143 extemplo
562 1085 615 1129 ad
642 1085 834 1130 consules
858 1085 980 1144 jubet
1008 1085 1298 1144 deductusque
1324 1085 1455 1130 tradi·
1476 1132 1510 1146 o,

125 1153 268 1194 turum
311 1150 458 1195 urbem
497 1150 718 1207 promittit.
779 1150 910 1195 Visus
953 1149 1059 1203 inde,
1103 1166 1231 1208 quum
1272 1165 1452 1208 quonam
1469 1157 1493 1194 3

125 1214 249 1259 modo
273 1214 317 1259 id
336 1218 616 1273 praestaturus
637 1218 750 1259 esset
782 1219 1107 1274 percunctantes
1135 1214 1317 1268 doceret,
1340 1214 1454 1260 haud

124 1295 232 1325 vana
251 1279 414 1325 adferre
434 1279 631 1338 perpulit,
655 1295 786 1338 prope
808 1280 1009 1338 adjuncta
1029 1280 1239 1325 moenibus
1260 1281 1453 1325 Romana

124 1349 264 1390 castra
291 1349 342 1390 ut
372 1360 448 1389 sex
477 1344 607 1389 millia
634 1344 686 1390 ab
717 1344 872 1403 oppido
905 1350 1248 1390 removerentur:
1281 1345 1371 1390 fore
1400 1348 1452 1390 ut

124 1409 262 1454 minus
288 1409 465 1454 intent-te
492 1409 538 1454 in
563 1409 798 1454 custodiam
826 1409 944 1455 urbis
974 1409 1133 1455 diurnae
1165 1410 1371 1455 stationes
1401 1425 1452 1455 ac

123 1480 341 1520 nocturnae
381 1474 534 1533 vigiliae
576 1479 729 1519 essent.
790 1474 890 1532 Ipse
931 1475 1171 1534 insequenti
1209 1479 1335 1520 nocte
1370 1474 1449 1520 sub
1468 1482 1493 1520 4

123 1539 278 1598 oppido
308 1539 570 1584 silvestribus
598 1539 700 1584 locis
731 1539 977 1585 cohortibus
1007 1539 1190 1585 insidere
1215 1539 1361 1598 jussis
1380 1537 1453 1584 de-

123 1619 214 1649 cem
234 1605 390 1649 milites
412 1603 597 1649 delectos
618 1619 761 1649 secum
782 1620 857 1662 per
877 1604 1009 1648 ardua
1029 1619 1078 1649 ac
1105 1619 1235 1676 prope
1266 1604 1389 1651 invia.
1406 1602 1454 1649 in

122 1684 260 1714 arcem
290 1668 407 1713 ducit
437 1668 628 1727 pluribus
657 1684 778 1727 quam
816 1684 893 1726 pro
928 1684 1104 1713 numero
1134 1669 1320 1713 virorum
1349 1669 1450 1713 mis-

122 1734 268 1779 silibus
301 1734 396 1778 telis
428 1749 477 1778 eo
509 1733 695 1778 collatis:
729 1733 782 1778 ad
817 1733 896 1778 hoc
927 1749 1029 1778 saxa
1058 1737 1178 1778 eraut
1211 1737 1255 1778 et
1290 1737 1450 1778 temere

119 1799 315 1856 jacentia,
343 1803 393 1842 ut
424 1798 472 1842 fit
504 1798 547 1842 iu
578 1798 769 1855 aspretis,
800 1802 843 1842 et
875 1799 926 1842 dc
957 1797 1166 1842 industria
1196 1798 1334 1852 etiam,
1366 1813 1449 1856 quo

122 1864 237 1909 locus
267 1864 402 1908 tutior
433 1867 558 1916 esset,
591 1863 642 1907 ab
673 1862 892 1921 oppidanis
924 1866 1138 1921 congesta.
1199 1862 1289 1908 Ubi
1319 1871 1487 1921 quum5

121 1929 413 1973 constituisset
434 1928 651 1972 Romanos
673 1928 948 1985 semitamque
965 1931 1189 1986 angustam
1209 1930 1254 1972 et
1275 1927 1449 1972 arduam

120 1997 303 2038 erectam
324 2008 377 2037 ex
404 1991 557 2051 oppido
585 1992 629 2036 in
655 2007 793 2036 arcem
819 1991 1088 2045 ostendisset,
1114 1993 1251 2037 “Hoc
1279 1992 1449 2050 quidem

120 2057 323 2103 ascensu”
338 2057 476 2115 inquit
492 2057 595 2101 “vel
615 2061 702 2101 tres
724 2057 874 2101 armati
889 2057 1117 2115 quamlibet
1134 2056 1448 2102 multitudinem

120 2122 359 2167 arcuerint:
388 2136 464 2166 vos
495 2125 539 2166 et
567 2121 711 2166 decem
739 2136 915 2165 numero
946 2120 1165 2180 et-quod
1194 2121 1290 2179 plus
1320 2126 1447 2167 est—-

119 2186 302 2232 Romani
331 2186 705 2245 Romanorumque
735 2185 957 2230 fortissimi
986 2186 1066 2231 viri
1093 2186 1222 2231 estis:
1255 2190 1299 2232 et
1325 2185 1444 2232 locus

120 2265 198 2309 pro
231 2251 350 2297 vobis
385 2253 430 2297 et
463 2265 549 2297 nox
584 2251 678 2305 erit,
711 2266 804 2309 quae
834 2250 974 2297 omnia
1003 2266 1057 2297 ex
1092 2250 1254 2298 incerto
1283 2254 1444 2310 maj0ra
