1649 2452
575 77 687 116 LIB.
718 77 793 117 IX.
829 78 975 126 17,18.
1350 80 1426 119 557

107 130 150 162 A.
167 130 205 162 C.
221 129 311 169 817.]

107 171 230 224 diret,
259 170 312 215 ab
341 169 502 214 insidiis
532 175 799 229 praecaveret,
831 174 998 230 tempus
1031 186 1183 229 pugnoe
1214 170 1428 227 deligeret,

107 236 239 281 aciem
276 234 505 280 instrueret
545 235 741 280 subsidiis
782 236 991 281 firmaret:
1045 251 1128 279 non
1169 250 1264 279 cum
1299 237 1429 280 Dario

106 315 197 345 rem
216 314 309 344 esse
338 299 526 353 dixisset,
550 315 673 358 quem
702 300 923 345 mulierum
954 315 1002 345 ac
1030 299 1261 357 spadonum
1281 314 1430 357 agmen

107 363 347 409 trahentem
372 363 484 408 inter
512 379 740 422 purpuram
771 369 897 422 atque
925 379 1070 408 aurum
1101 368 1321 408 oneratam
1348 365 1431 407 for-

107 431 223 473 tunae
263 428 532 485 apparatibus
573 444 659 473 suae
699 429 882 486 praedam
922 429 1062 473 verius
1103 443 1226 486 quam
1266 427 1431 472 hostem

107 491 212 537 nihil
241 491 355 535 aliud
375 507 499 549 quam
527 491 634 537 bene
664 508 792 537 ausus
813 508 920 537 vana
946 496 1213 538 contemnere
1240 491 1432 536 incruen-

107 560 180 601 tus
210 555 390 600 devicit:
423 555 547 614 longe
575 555 680 600 alius
708 556 844 601 Italiae
872 571 997 614 quam
1026 556 1172 608 Indiae,
1205 570 1280 613 per
1308 570 1433 613 quam

108 619 342 665 temulento
369 620 534 678 agmine
564 619 886 666 comisabundus
918 621 1102 673 incessit,
1132 621 1247 664 visus
1272 619 1332 664 illi
1360 620 1432 663 ha-

109 684 224 730 bitus
245 686 369 737 esset,
393 684 526 729 saltus
553 685 718 742 Apuliae
750 700 798 729 ac
828 691 992 730 montes
1022 685 1218 729 Lucanos
1246 685 1435 729 cernenti

109 753 153 794 et
175 749 354 806 vestigia
371 749 557 793 recentia
572 748 810 794 domesticae
831 749 972 804 cladis,
993 749 1067 794 ubi
1087 748 1321 794 avunculus
1342 748 1433 806 ejus

109 829 244 870 nuper
270 813 391 871 Epiri
419 828 495 857 rex
523 813 762 858 Alexander
787 813 1034 871 absumptus
1063 818 1166 858 erat.
1225 813 1283 877 Et
1304 811 1549 871 loqui-(18)

109 894 205 923 mur
225 877 277 922 de
304 876 544 922 Alexandro
570 877 757 922 nondum
787 894 924 923 merso
945 878 1139 923 secundis
1172 877 1311 930 rebus,
1335 891 1436 934 qua-

110 959 204 988 rum
243 956 366 986 nemo
405 941 696 986 intolerantior
736 943 846 987 fuit:
880 943 952 1001 qui
992 944 1028 988 si
1058 959 1111 987 ex
1140 942 1288 986 habitu
1317 956 1435 985 novce

109 1008 293 1052 sortunae
322 1006 503 1064 novique
533 1009 583 1050 ut
612 1006 673 1050 ita
703 1006 837 1051 dicam
865 1008 1024 1066 ingenii
1051 1006 1164 1065 quod
1195 1005 1276 1050 sibi
1302 1005 1437 1050 victor

110 1070 305 1116 induerat
326 1073 553 1128 spectetur,
577 1069 709 1115 Dario
729 1071 864 1130 magis
886 1071 1032 1116 similis
1051 1086 1177 1129 quam
1198 1068 1436 1114 Alexandro

110 1136 157 1181 in
185 1134 354 1180 Italiam
383 1135 568 1180 venisset
604 1139 648 1180 et
687 1137 919 1181 exercitum
957 1135 1219 1181 Macedoniae
1260 1134 1436 1179 oblitum

112 1200 519 1259 degenerantemque
550 1199 637 1257 jam
675 1200 721 1244 in
754 1201 980 1246 Persarum
1009 1215 1145 1244 mores
1179 1198 1435 1243 adduxisset.

110 1265 290 1311 Referre
316 1264 362 1308 in
380 1267 502 1308 tanto
530 1279 630 1322 rege
659 1265 774 1323 piget
796 1266 1016 1324 superbam
1047 1265 1324 1309 mutat-ionem
1345 1271 1474 1308 ves-2

111 1330 182 1384 tis,
215 1333 259 1374 et
299 1328 555 1373 desideratas
595 1329 713 1373 humi
736 1331 970 1387 jacentium
1012 1329 1271 1373 adulationes
1312 1327 1439 1372 etiam

114 1395 236 1440 victis
270 1392 574 1438 Macedonibus
609 1409 757 1452 graves
794 1394 948 1439 nedum
978 1393 1221 1445 victoribus,
1254 1395 1297 1436 et
1328 1391 1440 1436 foeda

113 1457 318 1516 supplicia
346 1460 391 1501 et
419 1457 530 1502 inter
557 1457 698 1502 vinum
730 1463 773 1503 et
802 1459 945 1517 epulas
977 1458 1110 1503 caedes
1139 1457 1367 1501 amicorum
1395 1459 1439 1500 et

112 1525 343 1569 vanitatem
378 1522 652 1568 ementiendae
688 1524 874 1582 stirpis.¹
909 1524 1027 1573 Quid
1062 1524 1096 1567 si
1128 1523 1216 1567 vini
1247 1536 1362 1566 amor
1395 1521 1476 1570 in3

113 1589 201 1634 dies
234 1589 355 1633 fieret
383 1588 529 1643 acrior,
558 1588 659 1645 quid
688 1589 726 1633 si
754 1593 856 1633 trux
886 1605 934 1634 ac
966 1587 1213 1646 praefervida
1241 1587 1440 1631 ira—nec

113 1654 333 1712 quicquam
357 1651 529 1697 dubium
551 1652 662 1697 inter
682 1654 908 1711 scriptores
934 1653 1142 1707 refero—,
1162 1651 1330 1696 nullane
1349 1649 1440 1695 haec

113 1718 265 1762 damna
293 1717 573 1774 imperatoriis
604 1717 833 1762 virtutibus
865 1717 1057 1777 ducimus
1072 1711 1172 1761 ?''id
1201 1730 1301 1760 vero
1330 1715 1441 1772 peri-

113 1782 254 1827 eulum
284 1785 388 1834 erat,
421 1780 535 1838 quod
564 1781 765 1826 levissimi
794 1797 847 1827 ex
879 1782 1048 1836 Graecis,
1079 1781 1151 1838 qui
1182 1779 1440 1824 Parthorum

113 1861 281 1904 quoque
311 1849 458 1890 contra
487 1860 641 1890 nomen
680 1846 919 1890 Romanum
949 1845 1092 1903 gloria:
1129 1844 1284 1896 favent,
1318 1842 1441 1887 dicti-

112 1915 204 1955 tare
240 1909 389 1965 solent,
420 1925 473 1953 ne
513 1913 778 1967 majestatem
818 1911 998 1954 nominis
1028 1907 1440 1965 Alexandri—quem

112 1990 166 2020 ne
195 1974 307 2018 fama
336 1973 503 2032 quidem
535 1974 617 2018 illis
648 1979 797 2018 notum
827 1974 1008 2019 arbitror
1039 1972 1440 2018 fuisse—sustinere

112 2054 199 2084 non
222 2039 408 2096 potuerit
429 2038 609 2096 populus
630 2039 863 2091 Romanus,
881 2043 924 2084 et
945 2038 1146 2083 adversus
1163 2052 1287 2096 quem
1307 2035 1441 2080 Athe-

113 2103 192 2156 niS,
224 2104 270 2147 in
296 2103 467 2148 civitate
495 2102 630 2147 fracta
656 2103 938 2148 Macedonum
967 2103 1093 2148 armis
1121 2104 1318 2147 cernente
1347 2105 1438 2144 tum

114 2167 294 2212 maxime
323 2182 453 2226 prope
492 2167 703 2212 fumantes
739 2167 978 2213 Thebarum
1017 2167 1173 2220 ruinas,
1205 2163 1441 2211 concionari

115 2231 244 2278 libere
264 2232 355 2278 ausi
383 2235 484 2277 sunt
515 2231 807 2278 homines—id
837 2233 947 2292 quod
969 2248 1021 2278 ex
1049 2230 1330 2278 monumentis
1350 2243 1439 2274 ora-
