1649 2452
214 117 294 155 494
532 115 576 154 T.
602 114 749 153 LIVII
780 113 1197 154 HISTORIARUM
1325 165 1372 205 [A
1401 166 1427 197 c
1455 165 1513 199 ³⁸⁷

213 207 303 254 sive
342 221 425 267 quo
460 207 540 253 alio
578 207 704 260 volet,
735 208 808 266 jus
841 211 933 253 est:
963 209 1062 261 telo,
1099 223 1224 266 super
1259 207 1372 266 quod
1410 209 1527 252 stans

213 272 360 318 consul
385 280 580 331 precatus
609 275 686 325 cst,
715 272 881 316 hostem
907 274 1035 331 potiri
1065 274 1128 317 fas
1155 288 1240 317 non
1267 275 1357 317 est:
1390 271 1427 316 si
1455 286 1529 329 po-

94 343 195 397 (11)
211 337 357 390 tiatnr,
385 337 521 381 Marti
551 336 901 381 suovetaurilibus
931 337 1139 396 piaculum
1170 337 1272 381 fieri.
1333 336 1452 389 Haec,
1484 339 1529 380 et

212 401 249 445 si
269 401 403 445 omnis
425 400 554 445 divini
572 400 826 458 humanique
853 402 980 446 moris
1001 402 1200 446 memoria
1220 400 1401 446 abolevit
1420 415 1531 445 nova

211 466 513 523 peregrinaque
534 465 673 508 onmia
699 465 850 522 priscis
877 481 925 510 ac
951 466 1098 524 patriis
1127 464 1397 523 praeferendo,
1417 465 1531 510 hand

213 529 265 575 ab
284 545 331 574 re
351 529 453 573 duxi
479 528 616 573 verbis
646 543 811 586 quoque
829 530 932 587 ipsis
959 533 1009 574 ut
1029 529 1187 574 tradita
1205 532 1530 588 nuncupataque

174 597 313 640 2sunt
347 593 515 638 referre.
591 593 795 638 Romanis
825 598 922 651 post
952 593 1144 652 proelium
1175 594 1342 638 demum
1370 593 1529 638 factum

215 659 422 703 Samnites
464 656 629 702 venisse
664 656 850 702 subsidio
885 661 1130 716 exspectato
1170 661 1324 702 eventu
1363 673 1549 716 pugnae,-

213 723 325 780 apud
359 721 560 781 quosdam
595 724 786 766 auctores
826 723 1017 767 invenio:
1068 722 1233 767 Latinis
1275 736 1440 780 quoque
1479 721 1531 766 ab

211 787 389 832 Lavinio
414 786 627 839 auxilium,
651 786 748 830 dum
779 786 1045 832 deliberando
1072 790 1216 831 terunt
1244 791 1425 844 tempm,
1447 785 1532 831 vic-

211 852 268 896 tis
304 851 473 896 demum
508 850 610 894 ferri
645 854 840 907 coeptum,
878 854 921 896 et
955 867 1084 909 quum
1116 851 1203 909 jam
1235 851 1368 908 portis
1400 849 1534 908 prima

212 916 333 974 signa
364 920 407 960 et
439 930 535 972 pars
567 915 742 973 agminis
775 919 888 960 esset
919 931 1098 974 egressa,
1130 914 1280 960 nuntio
1311 914 1450 959 adlato
1482 914 1534 960 de

213 979 329 1025 clade
356 979 607 1024 Latinorum
628 994 758 1036 quum
780 981 991 1025 conversis
1020 980 1150 1038 signis
1178 983 1292 1024 retro
1319 980 1364 1024 in
1386 979 1535 1025 urbem

211 1044 433 1096 rediretur,
467 1047 688 1101 praetorem
724 1059 868 1088 eorum
903 1045 1070 1089 nomine
1105 1044 1344 1088 Milionium
1380 1044 1536 1090 dixisse

212 1110 368 1161 ferunt,
386 1122 463 1165 pro
480 1106 649 1165 paulula
669 1108 736 1152 via
750 1124 945 1167 magnam
966 1108 1198 1153 mercedem
1219 1123 1312 1153 esse
1331 1108 1535 1154 Romanis

173 1185 196 1221 3
213 1173 465 1218 solvendam.
523 1168 607 1222 Qui
626 1171 875 1217 Latinorum
897 1189 1050 1232 pugnae
1071 1173 1366 1230 superfuerant
1389 1173 1535 1218 multis

212 1236 433 1282 itineribus
454 1234 646 1294 dissipati
667 1251 796 1293 quum
813 1253 858 1282 se
872 1237 917 1282 in
932 1253 1064 1282 unum
1080 1236 1415 1295 conglobassent,
1429 1237 1536 1282 Ves-

173 1303 279 1347 4cia
312 1301 413 1346 urbs
449 1301 510 1345 eis
544 1301 855 1358 receptaculum
891 1301 985 1346 fuit.
1047 1302 1117 1347 Ibi
1151 1302 1195 1346 in
1230 1301 1414 1346 conciliis
1445 1302 1538 1347 Nu-

213 1367 360 1412 misius
395 1367 624 1423 imperator
660 1380 804 1409 eorum
846 1366 1101 1411 adfirmando
1143 1381 1405 1411 communem
1439 1382 1538 1412 vere

213 1432 400 1476 Martem
432 1429 530 1474 belli
564 1434 785 1487 utramque
822 1431 951 1475 aciem
988 1432 1079 1489 pari
1113 1430 1225 1476 caede
1262 1431 1538 1489 prostravisse

215 1495 486 1552 victoriaeque
520 1509 673 1538 nomen
703 1498 869 1539 tantum
905 1510 1033 1553 penes
1069 1496 1284 1540 Romanos
1320 1511 1424 1548 esse,
1461 1511 1539 1541 cae-

215 1562 350 1603 teram
378 1572 454 1616 pro
482 1559 606 1603 victis
634 1558 849 1603 fortunam
877 1563 920 1604 et
949 1559 1041 1604 illos
1069 1575 1229 1619 gerere,
1258 1560 1426 1604 funesta
1455 1558 1539 1604 duo

217 1623 438 1668 consulum
456 1623 891 1681 praetoria—alterum
911 1624 1134 1682 parricidio
1154 1624 1229 1669 filii
1245 1624 1424 1669 alterum
1444 1638 1539 1668 con-

217 1687 320 1732 811115
348 1687 491 1732 devoti
517 1687 701 1743 caede—‚
728 1688 986 1734 trucidatum
1014 1689 1242 1734 exercitum
1265 1703 1441 1742 omnem,
1465 1703 1540 1733 cae-

218 1767 286 1796 sos
307 1752 582 1809 hastatosque
610 1753 918 1811 principesque,
945 1756 1131 1812 stragem
1152 1757 1196 1799 et
1223 1756 1322 1798 ante
1349 1752 1469 1810 signa
1496 1755 1540 1798 ct

216 1820 315 1874 post
345 1816 468 1872 signa
496 1816 664 1872 factam,
699 1817 866 1862 triarios
902 1822 1114 1875 postremo
1154 1833 1243 1863 rem
1276 1817 1538 1862 restituisse:

217 1881 468 1925 Latinorum
498 1881 580 1925 etsi
609 1881 767 1938 pariter
797 1882 942 1927 accisae
973 1883 1102 1941 copiae
1138 1883 1235 1935 sint,
1268 1886 1411 1926 tamen
1442 1897 1541 1940 sup-

218 1945 430 2002 plemento
465 1944 532 1989 vel
567 1945 741 1990 Latium
776 1947 948 2004 propius
980 1962 1071 1991 esse
1105 1946 1172 1991 vel
1201 1946 1382 1990 Vulscos
1413 1961 1540 2004 quam

219 2009 424 2054 Romam:
471 2009 627 2068 itaque,
659 2009 695 2054 si
724 2010 917 2056 videatur
947 2011 1021 2064 eis,
1056 2026 1101 2055 se
1131 2026 1184 2055 ex
1213 2010 1378 2055 Latinis
1413 2013 1457 2056 et
1487 2025 1540 2055 ex

220 2074 392 2118 Vulscis
417 2074 583 2132 populis
605 2077 834 2132 juventute
855 2090 1030 2134 propere
1057 2076 1195 2120 excita
1218 2075 1452 2120 rediturum
1477 2075 1540 2120 in-

221 2138 330 2183 festo
350 2139 540 2184 exercitu
561 2139 750 2198 Capuam
777 2155 869 2185 esse
897 2140 1193 2199 Romanosque
1220 2139 1324 2185 nihil
1343 2142 1437 2185 tum
1462 2139 1540 2185 mi-

220 2217 300 2247 nus
331 2217 454 2261 quam
491 2203 685 2261 proelium
721 2208 1013 2263 exspectantes
1048 2219 1127 2250 nec
1155 2204 1326 2262 opinato
1355 2202 1540 2250 adventu

221 2267 591 2327 perculsumm-:
626 2268 841 2316 fallacibus
869 2269 1022 2316 litteris
1043 2269 1153 2316 circa
1173 2269 1344 2317 Latium
1368 2283 1539 2318 nomeu·
