1649 2452
577 87 688 127 ΗΒ.
716 86 791 127 VI.
821 89 861 135 6,
1325 87 1405 129 377

82 139 129 173 11.
147 140 185 174 c.
201 137 295 182 333]

83 182 325 240 provideat:
354 182 414 235 te,
452 181 571 226 Servi
606 181 788 236 Corneli,
823 181 1043 241 praesidem
1081 180 1211 239 hujus
1245 180 1403 239 publici

83 246 256 300 consilii,
278 244 498 291 custodem
517 245 769 305 religionum
796 246 1062 292 comitiorum
1090 245 1233 304 legum
1260 261 1400 290 rerum

83 311 269 356 omnium
287 309 539 355 urbanarum
562 310 731 369 collegae
759 311 963 356 facimus?
967 311 979 330 ’
1042 309 1253 355 Cunctis
1242 325 1287 354 m
1313 325 1403 368 par-
1421 313 1471 353 10

0 409 1 428 ;
82 378 149 420 tae
175 374 361 420 muneris
388 375 455 419 sni
481 374 661 434 benigne
687 375 981 433 pollicentibus
1008 389 1179 432 operam
1206 374 1403 419 Valerius

0 451 1 475 1
83 439 222 484 socius
240 438 407 497 imperii
425 439 561 484 lectus
583 439 748 497 adjecit,
772 439 835 484 M.
859 439 1034 484 Furium
1063 438 1144 483 sibi
1169 453 1246 497 pro
1274 438 1404 483 dicta-

82 507 176 548 tore
196 518 324 562 seque
344 503 385 548 ei
410 518 485 560 pro
512 503 716 561 magistro
743 505 934 562 equitum
962 503 1183 547 futurum:
1215 502 1402 561 proinde,

83 583 208 625 quam
243 567 481 625 opinionem
520 567 573 612 de
612 569 736 613 unico
771 569 1036 626 imperatore,
1074 582 1166 612 eam
1200 582 1317 625 spem
1353 566 1405 611 de

82 631 191 677 bello
210 631 426 678 haberent.
490 632 544 677 Se
558 647 660 677 vero
680 632 786 677 bene
808 648 975 691 sperare
995 636 1137 691 patres
1159 636 1203 676 et
1224 631 1276 677 de
1295 631 1404 676 bello
1424 636 1469 676 11

82 699 127 741 et
147 695 199 742 de
219 711 320 755 pace
340 697 618 752 universaque
638 713 684 742 re
699 697 866 755 publica
885 698 1015 743 erecti
1030 696 1184 756 gaudio
1204 696 1403 750 fremunt,

82 775 161 806 nec
195 760 401 806 dictatore
435 777 636 819 umquam
665 777 771 819 opus
802 761 892 806 fore
922 762 984 807 rei
1013 761 1201 820 publicae,
1234 761 1272 806 si
1299 761 1406 806 tales

82 826 195 871 viros
229 826 276 871 111
309 825 561 885 magistratu
597 825 752 870 habeat
792 830 879 870 tam
921 826 1199 872 concordibus
1233 829 1407 883 junctos

83 891 246 946 animis,
266 905 413 950 parere
434 895 562 950 atque
588 890 794 949 imperare
810 892 936 949 juxta
962 896 1132 950 paratos
1159 890 1408 949 laudemque

83 955 348 1000 conferentes
369 956 512 1014 potius
540 955 585 1000 in
610 955 794 1000 medium
825 971 949 1014 quam
971 971 1024 1001 ex
1051 955 1262 1001 communi
1283 954 1336 999 ad
1363 970 1408 999 se

81 1019 312 1064 trahentes.
374 1020 553 1064 Justitio
592 1019 751 1064 indicto
788 1019 1028 1079 dilectuque
1069 1020 1213 1065 habito
1253 1019 1407 1063 Furius
1422 1019 1492 1072 (7)

84 1099 133 1129 ac
158 1083 356 1129 Valerius
383 1084 437 1128 ad
466 1084 676 1129 Satricum
707 1085 899 1142 profecti,
924 1100 1007 1143 quo
1037 1100 1123 1129 non
1153 1084 1407 1129 Vulscorum

83 1148 208 1194 modo
234 1149 503 1207 juventutem
532 1150 730 1194 Antiates
759 1165 811 1194 ex
839 1165 949 1194 nova
978 1149 1124 1194 subole
1154 1149 1304 1194 lectam
1334 1148 1409 1193 sed

82 1214 298 1273 ingentem
338 1213 591 1258 Latinorum
632 1214 1001 1273 Hernicorumque
1042 1214 1310 1259 conciverant
1352 1229 1405 1258 ex

82 1279 366 1338 integerrimis
397 1278 562 1323 diutina
591 1294 692 1337 pace
722 1279 901 1337 populis.
964 1279 1118 1338 Itaque
1150 1294 1284 1324 novus
1311 1278 1448 1323 hos-2

83 1343 140 1388 tis
170 1343 304 1389 veteri
331 1343 557 1401 adjunctus
589 1343 816 1388 commovit
846 1344 1007 1388 animos
1035 1343 1181 1388 militis
1213 1343 1406 1388 Romani.

85 1407 208 1462 Quod
247 1407 321 1453 ubi
361 1408 492 1453 aciem
525 1411 618 1466 Jam
653 1409 883 1453 instruenti
925 1408 1101 1453 Camillo
1142 1409 1407 1453 centuriones
1425 1414 1447 1451 3

83 1473 448 1526 renuntiaverunt,
474 1472 668 1517 turbatas
696 1473 877 1517 militum
905 1480 1068 1518 mentes
1096 1488 1201 1527 esse,
1223 1473 1409 1531 segniter

84 1553 201 1582 arma
235 1543 360 1596 capta
399 1537 803 1596 cunctabundosque
844 1542 888 1582 et
929 1538 1175 1582 resistentes
1217 1552 1408 1609 egressos

84 1602 234 1647 castris
264 1618 370 1656 esse,
400 1601 504 1660 quin
530 1617 654 1647 voces
686 1617 854 1661 quoque
885 1602 1064 1655 auditas,
1094 1617 1188 1647 cum
1221 1602 1408 1646 centenis

85 1667 276 1712 hostibus
298 1667 487 1726 singulos
515 1672 779 1726 pugnaturos
807 1675 850 1712 et
879 1683 990 1726 aegre
1018 1667 1218 1711 inermem
1246 1672 1409 1710 tantam

85 1731 398 1777 multitudinem
440 1730 596 1776 nedum
638 1738 841 1776 armatam
886 1732 1089 1776 sustineri
1129 1746 1323 1803 posse—,
1365 1731 1410 1775 in

85 1812 241 1854 equum
267 1796 400 1841 insilit
428 1800 471 1841 et
500 1801 599 1840 ante
626 1795 748 1854 signa
774 1795 977 1840 obversus
1005 1796 1049 1839 in
1081 1796 1210 1840 aciem
1241 1795 1407 1840 ordines

84 1861 462 1920 interequitans:‘
466 1860 602 1908 ‘Quae
630 1861 817 1912 tristitia„
846 1860 1013 1914 milites,
1042 1859 1145 1913 haec,
1177 1875 1269 1918 quae
1297 1861 1407 1904 inso-

84 1924 161 1969 lita
194 1926 410 1970 cunctatio
445 1925 544 1969 esti
576 1924 740 1968 hostem
776 1939 829 1968 an
865 1940 930 1968 ine
972 1939 1025 1968 an
1060 1939 1134 1968 vos
1170 1924 1406 1982 ignoratis?

85 1989 220 2034 hostis
249 1994 316 2034 est
347 1988 448 2048 quid
479 1988 593 2033 aliud
623 2004 748 2046 quam
786 1996 989 2046 perpetua
1024 1989 1201 2033 materia
1236 1989 1406 2033 virtutis

85 2053 311 2113 gloriaeque
346 2054 530 2098 vestrae?
563 2068 638 2097 vos
675 2059 823 2097 contra
864 2068 930 2097 me
970 2052 1185 2097 duce—ut
1221 2053 1407 2098 Falerios

87 2119 300 2177 Veiosque
329 2126 476 2176 captos
506 2122 551 2162 et
581 2118 625 2162 in
655 2124 780 2175 capta
810 2117 946 2174 patria
976 2117 1189 2162 Gallorum
1220 2117 1406 2176 legiones

86 2198 214 2228 caesas
241 2181 586 2228 taceam—modo
614 2182 850 2239 trigeminae
879 2183 1064 2227 victoriae
1092 2182 1300 2240 triplicem
1330 2183 1399 2227 tri·

86 2247 291 2305 umphum
319 2263 374 2293 ex
401 2247 454 2292 iis
482 2246 586 2305 ipsis
621 2246 788 2292 Vulscis
818 2251 863 2291 et
891 2246 1045 2306 AEquis
1076 2253 1121 2293 et
1150 2262 1204 2293 ex
1233 2247 1408 2293 Etruria
