1649 2452
258 128 274 142 n
589 72 701 113 LIB.
732 73 832 113 VH.
866 75 930 120 35,
954 75 1021 113 36.
1383 75 1463 116 469
1499 81 1505 85 ’

136 127 470 224 843ῑί0113εοίυῇ
500 171 700 224 quoni-im
728 183 811 211 non
834 169 1039 222 fallerent,
1067 167 1286 212 clamorem
1316 168 1462 213 tollere

130 234 264 290 jussis
279 232 481 277 militibus
497 233 686 290 torpidos
711 248 857 277 somno
879 234 1050 290 insuper
1071 247 1149 290 pav
1152 247 1223 276 ore
1238 233 1461 288 exanimat,

137 313 223 357 quo
246 296 471 370 praepediti
506 312 584 342 nec
613 312 729 341 arma
758 297 936 356 impigre
965 312 1113 355 capere
1142 311 1221 341 nec
1256 296 1463 342 obsistere

135 377 213 407 nec
242 361 407 420 insequi
436 365 646 419 poterant.
707 361 829 406 Inter
860 361 1184 420 trepidationem
1210 361 1461 406 tumultum-
1479 373 1503 410 3

135 442 227 498 que·
245 426 498 470 Samnitium
527 425 768 484 praesidium
790 426 1030 470 Romanum
1050 425 1184 470 obviis
1212 425 1459 471 custodibus

134 491 252 536 caesis
292 491 345 535 ad
384 496 524 535 castra
564 490 748 534 consulis
789 491 993 548 pervadit.
1073 490 1350 548 Aliquantum
1391 506 1462 535 su·
1478 505 1503 542 4

134 561 300 613 peterat
334 555 471 600 noctis
502 555 672 614 jamque
709 556 754 600 in
784 560 881 600 tuto
911 554 1162 600 videbantur
1193 570 1297 608 esse,
1331 571 1462 613 quum

133 620 292 664 Decius
315 624 342 642 “
359 621 503 664 Macte
525 620 712 665 virtute''
735 621 885 678 inquit,
911 620 1104 664 “milites
1128 619 1322 674 Romani,
1343 625 1457 665 este:

133 690 322 729 vestrum
349 685 431 729 iter
459 700 507 729 ac
528 684 712 730 reditum
740 685 879 730 omnia
906 684 1059 730 saecula
1085 683 1281 728 laudibus
1308 684 1458 730 ferent.

136 749 218 794 Sed
259 749 312 794 ad
352 749 688 808 conspiciendam
728 754 889 794 tantam
936 750 1136 794 virtutem
1175 748 1269 794 luce
1305 764 1353 794 ac
1393 749 1459 795 die
1476 764 1499 801 5

133 829 240 872 opus
270 819 350 865 est,
381 829 459 859 nec
486 830 562 859 vos
591 814 708 874 digni
735 815 838 860 estis
867 830 972 872 quos
1000 829 1096 859 cum
1123 818 1244 858 tanta
1263 813 1396 871 gloria
1415 815 1461 859 in

133 884 272 924 castra
292 879 466 924 reduces
488 879 702 924 silentium
731 895 779 924 ac
799 895 884 924 nox
903 884 1023 938 tegat
1042 895 1050 923 :
1081 879 1149 923 hic
1169 879 1304 923 lucem
1327 879 1459 938 quieti

132 945 410 1002 opperiemur.
416 946 439 964 ’⁹
501 945 641 989 Dictis
662 944 1011 1003 obtemperatum,
1035 950 1163 1002 atque
1183 943 1255 989 ubi
1277 945 1457 1003 primum
1475 957 1498 994 6

131 1009 284 1062 illuxit,
313 1009 529 1068 praemisso
556 1010 708 1054 nuntio
737 1009 790 1054 ad
810 1009 1062 1054 consulem
1051 1024 1096 1053 1n
1123 1014 1272 1061 castra.
1294 1009 1458 1068 ingenti

131 1073 286 1132 gaudio
321 1075 587 1120 concitantur
622 1079 666 1120 et
700 1079 862 1120 tessera
896 1073 1006 1126 data,
1042 1073 1273 1118 incolumes
1302 1074 1457 1119 reverti

131 1138 206 1195 qui
225 1154 303 1183 sua
322 1154 498 1198 corpora
518 1155 594 1198 pro
622 1139 759 1184 salute
780 1139 963 1184 omnium
987 1137 1101 1182 haud
1122 1137 1249 1183 dubio
1272 1139 1455 1196 periculo

131 1202 397 1260 objecissent,
429 1220 504 1263 pro
534 1220 580 1249 se
611 1205 787 1264 quisque
815 1204 979 1249 obviam
1009 1203 1132 1247 effusi
1159 1202 1331 1248 laudant
1362 1219 1457 1262 gra-

131 1268 334 1322 tulantur,
376 1269 565 1328 singulos
605 1270 823 1314 universos
871 1273 1107 1313 servatores
1148 1283 1248 1312 suos
1291 1273 1453 1322 vocant,

131 1332 210 1377 diis
239 1333 383 1378 laudes
411 1339 637 1393 gratesque
668 1339 813 1393 agunt,
846 1333 1023 1378 Decium
1045 1333 1090 1377 in
1116 1332 1266 1377 coelum
1296 1333 1453 1378 ferunt.

130 1397 217 1442 Hic
257 1398 380 1443 Decii
420 1400 646 1444 castrensis
693 1398 937 1457 triumphus
984 1398 1067 1442 fuit
1107 1397 1340 1442 incedentis
1380 1414 1455 1456 per
1474 1410 1496 1451 7

129 1461 267 1506 media
304 1470 444 1508 castra
482 1468 579 1508 cum
615 1469 777 1508 armato
813 1462 1006 1521 praesidio
1042 1462 1243 1520 conjectis
1278 1463 1323 1507 in
1358 1478 1455 1507 eum

129 1526 314 1571 omnium
335 1527 466 1572 oculis
487 1533 531 1573 et
552 1529 666 1573 omni
685 1528 843 1573 honore
863 1527 1082 1572 tribunum
1108 1526 1270 1572 consuli
1290 1543 1455 1586 aequan-

128 1592 258 1637 tibus.
331 1593 419 1638 Ubi
459 1593 512 1638 ad
551 1594 792 1652 praetorium
829 1598 1003 1638 ventum
1043 1597 1123 1645 est,
1164 1593 1311 1638 consul
1350 1593 1454 1638 clas-
1471 1605 1495 1642 8

130 1657 217 1702 sico
256 1656 310 1702 ad
350 1658 591 1702 concionem
628 1662 846 1711 convocat,
879 1673 1084 1716 orsusque
1119 1658 1290 1702 meritas
1332 1658 1454 1703 Decii

128 1720 273 1766 laudes
308 1722 538 1767 interfante
577 1722 670 1780 ipso
712 1723 844 1766 Decio
885 1722 1052 1767 distulit
1093 1722 1348 1776 concionem,
1382 1724 1455 1781 qui

127 1791 276 1831 auctor
295 1787 435 1831 omnia
461 1786 754 1846 posthabendi,
777 1786 878 1831 dum
906 1787 1069 1832 occasio
1097 1787 1143 1831 in
1168 1786 1361 1831 manibus
1389 1803 1455 1832 es-

126 1856 206 1906 set,
241 1851 425 1910 perpulit
460 1852 676 1897 consulem
710 1856 761 1896 ut
795 1851 941 1896 hostes
976 1857 1021 1897 et
1055 1856 1264 1896 nocturno
1300 1867 1452 1909 pavore

127 1914 340 1960 adtonitos
370 1920 414 1961 et
444 1917 557 1962 circa
585 1916 734 1961 collem
764 1917 1016 1962 castellatim
1048 1915 1275 1974 dissipatos
1304 1916 1453 1976 adgre-

126 1979 324 2026 deretur:
355 1981 525 2027 credere
546 1982 673 2027 etiam
695 1980 856 2040 aliquos
886 1980 939 2025 ad
966 1996 1013 2026 se
1042 1980 1304 2040 sequendum
1330 1982 1453 2027 emis·

126 2059 197 2089 sos
234 2060 311 2103 per
345 2045 499 2091 saltum
536 2046 691 2105 vagari.
753 2047 780 2090 J
782 2061 893 2091 ussae
927 2045 1115 2105 legiones
1149 2061 1266 2091 arma
1301 2061 1451 2105 capere
1470 2057 1494 2096 9

125 2123 389 2169 egroesaeque
418 2111 581 2165 castris,
613 2127 747 2170 quum
777 2126 853 2169 per
882 2110 1168 2168 exploratores
1197 2111 1338 2156 notior
1363 2112 1451 2170 jam

126 2173 260 2220 saltus
286 2178 415 2230 esset,
442 2176 512 2221 via
537 2177 774 2250 patentiore
801 2174 856 2220 ad
883 2175 1049 2221 hostem
1075 2175 1303 2231 ducuntur,
1326 2191 1452 2235 quem

125 2236 343 2286 incautum
370 2240 599 2299 improviso
624 2241 798 2296 adortae,
827 2256 958 2300 quum
985 2240 1118 2301 palati
1145 2241 1304 2301 passim
1332 2242 1453 2288 Sam-
