1649 2452
195 103 275 141 484
514 102 562 141 T.
583 101 734 140 LIVII
765 100 1188 140 HISTORIARUM
1305 152 1353 192 [A
1382 153 1408 183 c
1437 152 1498 186 33¹1

190 194 337 239 incolit
362 194 562 253 profiteor
591 210 660 239 me
690 194 914 252 dicturum3
942 197 1005 250 ut,
1033 194 1071 239 si
1098 209 1175 238 nos
1204 193 1251 238 in
1279 193 1434 238 foedere
1464 209 1513 239 ac
1535 225 1538 227 Δ

191 259 394 303 societate
435 275 527 303 0550
566 259 711 312 velint,
744 259 959 303 consulem
999 258 1177 303 alterum
1217 257 1269 302 ab
1299 257 1420 302 nobis
1451 273 1513 302 se-

151 323 175 361 9
190 327 399 381 natusque
434 326 599 381 partem
631 323 879 380 accipiant.”
944 324 1050 368 Haec
1079 321 1275 367 ferociter
1304 337 1390 366 non
1421 337 1513 366 sua-

191 385 309 431 denti
341 387 477 431 solum
512 386 587 431 sed
621 386 836 443 pollicenti
870 386 1048 431 clamore
1084 390 1127 430 et
1158 385 1339 430 adsensu
1367 401 1511 430 omnes

189 451 483 508 permiserunt,
524 455 574 494 ut
610 455 755 507 ageret
792 450 1043 508 diceretque,
1082 466 1174 508 quae
1209 466 1232 495 0
1267 466 1312 494 10
1346 450 1513 507 publica

105 510 177 564 (5)
189 515 368 559 nominis
389 514 535 559 Latini
554 514 719 572 fideque
739 530 816 558 sua
834 514 1089 559 viderentur.
1142 513 1231 558 Ubi
1246 518 1312 558 est
1332 514 1512 558 Romam

147 580 172 616 2
189 582 374 632 ventum,
403 579 447 622 in
477 578 686 635 Capitolio
713 579 774 622 eis
804 582 975 623 senatus
1003 578 1127 622 datus
1149 581 1226 622 est.
1285 577 1353 622 Ibi
1381 593 1512 635 quum

186 642 235 687 Τ.
258 643 446 687 Manlius
482 642 630 686 consul
664 643 822 700 egisset
857 658 954 687 cum
984 643 1044 687 eis
1075 658 1128 686 ex
1158 642 1409 686 auctoritate
1439 657 1512 698 pa-

187 710 314 760 trum,
331 722 384 751 ne
407 706 664 750 Samnitibus
685 706 898 751 foederatis
923 707 1076 751 bellum
1097 706 1314 758 inferrent,
1332 706 1510 761 Annius,

187 774 402 829 tamquam
428 771 566 815 victor
593 771 720 815 armis
748 771 1003 832 Capitolium
1024 771 1216 827 cepisset,
1237 785 1322 814 non
1345 770 1510 828 legatus

181 838 280 892 jure
305 835 496 893 gentium
522 837 644 879 tutus
675 836 930 894 loqueretur,
964 836 1187 893 “Tempus
1215 835 1332 879 erat'’
1360 835 1510 893 inquit,

190 899 326 943 “Tite
354 899 492 943 Manli
521 914 679 957 vosque
705 903 847 957 patres
874 900 1111 957 conscripti,
1137 899 1307 943 tandem
1323 899 1410 954 jam
1435 914 1510 943 vos

185 963 407 1008 nobiscum
427 963 532 1007 nihil
552 979 628 1022 pro
650 964 823 1022 imperio
851 980 987 1022 agere,
1009 979 1139 1021 quum
1167 963 1510 1008 florentissimum

188 1026 313 1071 desim
343 1027 604 1086 benignitate
635 1032 739 1073 tunc
767 1028 941 1073 Latium
976 1029 1100 1072 armis
1136 1028 1320 1086 virisque
1352 1028 1511 1072 Samni·

188 1090 304 1136 tibus
344 1091 453 1136 bello
488 1093 612 1137 victis
649 1092 843 1137 Sidicinis
881 1093 1187 1151 Campanisque
1223 1092 1360 1146 500115,
1397 1108 1510 1138 1111110

188 1155 315 1199 etiam
343 1155 513 1201 Vulscis
541 1156 751 1214 adjunctis
779 1157 989 1212 videretis,
1018 1157 1199 1201 colonias
1227 1172 1393 1214 quoque
1417 1172 1510 1201 ves-

146 1227 169 1264 3
186 1222 275 1264 tras
295 1220 500 1264 Latinum
528 1221 721 1265 Romano
742 1221 980 1278 praetulisse
1009 1221 1242 1278 imperium.
1307 1220 1388 1265 Sed
1410 1237 1509 1279 quo-

183 1284 296 1328 niam
321 1300 396 1329 vos
427 1300 559 1342 regno
589 1285 815 1343 impotenti
843 1285 968 1329 finem
999 1289 1047 1329 ut
1077 1285 1302 1343 imponatis
1332 1300 1418 1328 non
1445 1285 1509 1329 in-

184 1348 338 1393 ducitis
378 1349 423 1393 in
463 1351 659 1403 animum,
702 1365 791 1404 nos,
829 1365 1080 1408 quamquam
1119 1349 1244 1393 armis
1284 1363 1507 1406 possumus

183 1412 375 1458 adserere
410 1414 585 1458 Latium
619 1415 664 1458 in
698 1414 948 1469 libertatem,
981 1414 1337 1472 consanguinitati
1365 1418 1508 1459 tamen

182 1477 263 1522 hoc
286 1477 477 1522 dabimus
498 1482 548 1522 ut
577 1478 837 1523 conditiones
859 1479 972 1536 pacis
1000 1479 1185 1523 feramus
1213 1494 1353 1536 aequas
1380 1479 1508 1523 utris-

181 1557 277 1600 que,
314 1543 512 1600 quoniam
546 1543 656 1587 vires
693 1558 859 1601 quoque
895 1543 1051 1601 aequari
1086 1542 1165 1587 diis
1200 1543 1506 1588 immortalibus

180 1606 365 1664 placuit:
417 1604 632 1652 consulem
672 1608 847 1653 alterum
892 1608 1030 1652 Roma
1070 1607 1248 1652 alterum
1288 1623 1341 1652 ex
1379 1607 1506 1652 Latio

180 1671 314 1716 creari
333 1675 515 1730 oportet,
537 1674 709 1717 senatus
731 1677 895 1730 partem
915 1688 1076 1730 aequam
1105 1688 1159 1716 ex
1177 1676 1357 1730 utraque
1378 1676 1505 1730 gente

180 1750 285 1791 esse,
313 1752 445 1780 unum
471 1737 673 1795 populum
699 1752 827 1781 unam
853 1752 942 1781 rem
969 1736 1176 1794 publicam
1205 1736 1318 1781 fieri:
1352 1741 1505 1782 et—ut

178 1800 346 1872 imperii
386 1800 531 1845 eadem
571 1800 690 1845 sedes
732 1801 787 1845 sit
828 1800 1022 1858 idemque
1062 1800 1254 1845 onmibus
1293 1815 1506 1845 nomen—-

180 1864 377 1922 quoniam
398 1864 450 1909 ab
471 1865 602 1909 altera
628 1869 727 1910 utra
753 1869 874 1923 parte
902 1865 1073 1910 concedi
1092 1880 1261 1910 11000550
1290 1869 1367 1918 est,
1391 1865 1500 1923 quod

178 1928 371 2000 utrisque
390 1928 498 1974 bene
518 1934 670 1982 vertat,
694 1930 750 1974 sit
779 1930 868 1974 haec
896 1945 996 1974 sane
1023 1930 1159 1988 patria
1186 1930 1324 1987 potior
1352 1933 1394 1974 et
1416 1930 1505 1974 Ro-

137 1993 291 2039 4mani
331 2008 476 2038 omnes
515 2009 726 2039 vocemur.
729 1995 756 2013 ''
816 1986 946 2039 Forte
984 1995 1046 2038 ita
1085 1993 1235 2038 accidit
1270 1998 1319 2037 ut
1359 2009 1502 2052 parem

179 2056 343 2101 ferociae
359 2057 485 2115 hujus
502 2062 546 2102 et
567 2058 750 2103 Romani
765 2059 978 2105 consulem
993 2058 1041 2102 T.
1059 2058 1268 2102 Manlium
1283 2057 1499 2112 haberent,

178 2121 252 2179 qui
279 2120 384 2166 adeo
411 2137 497 2166 11011
523 2123 662 2167 tenuit
690 2123 808 2175 iram,
828 2127 891 2178 ut,
912 2124 949 2167 51
977 2127 1096 2167 tanta
1123 2122 1333 2167 dementia
1358 2127 1501 2181 patres

177 2186 439 2243 conscriptos
475 2188 655 2244 cepisset
690 2193 739 2232 ut
776 2187 827 2232 ab
864 2187 1008 2232 Setino
1045 2187 1211 2231 homine
1247 2187 1360 2245 leges
1393 2188 1500 2231 acci-

177 2254 339 2310 perent,
375 2249 513 2307 gladio
549 2251 733 2297 cinctum
769 2252 813 2297 in
843 2256 1034 2297 senatum
1065 2256 1288 2297 venturum
1326 2267 1371 2297 50
1406 2267 1498 2298 0550
