1649 2452
573 87 680 125 ΜΒ.
712 86 763 126 Χ.
795 88 857 132 20,
879 79 953 126 21.'
1353 88 1429 125 625

108 139 212 226 iliu‘i'i
224 137 380 225 ffi-ires
407 194 505 224 suas
533 183 763 226 noscendas
792 179 1157 239 recipiendasque:
1190 180 1431 238 proestituta

108 245 177 290 die
197 260 373 303 quarum
394 260 535 289 rerum
555 260 640 290 non
661 246 826 290 exstitit
848 245 1040 290 dominus
1061 244 1185 288 militi
1206 260 1427 297 concessae,

108 311 326 368 coactique
365 309 546 355 vendere
592 309 774 369 praedam
816 325 869 356 ne
910 310 1007 356 alibi
1049 325 1173 369 quam
1218 310 1262 354 in
1303 310 1428 354 armis

107 374 292 419 animum
313 374 527 419 haberent.

164 438 374 498 Magnum
395 453 445 484 ea
462 440 674 497 populatio
692 439 895 498 Campani
915 439 1006 498 agri
1026 438 1258 483 tumultum
1279 438 1427 483 Romae
1447 437 1543 496 (21)

106 503 367 562 praebuerat:
401 511 445 549 et
475 519 550 562 per
580 520 652 549 eos
682 505 793 550 forte
828 504 917 549 dies
948 519 1000 548 ex
1035 503 1210 549 Etruria
1240 502 1427 547 adlatum

106 571 210 623 erat,
224 572 322 627 post
336 568 563 614 deductum
583 569 680 615 inde
696 569 1025 615 Volumnianum
1046 568 1277 614 exercitum
1298 568 1429 613 Etru-

106 633 210 678 riam
231 634 437 678 concitam
458 633 503 678 in
523 649 638 679 arma
657 638 701 679 et
719 634 900 679 Gellium
920 634 1152 692 Egnatium
1175 633 1428 678 Samnitium

106 696 268 751 ducem,
291 701 335 742 et
356 697 540 743 Umbros
562 699 615 743 ad
635 698 913 744 defectionem
933 698 1074 743 vocari
1104 702 1148 743 et
1170 697 1313 743 Gallos
1334 713 1429 755 pre-

105 762 166 806 tio
193 762 356 820 ingenti
383 763 609 808 sollicitari.
670 763 754 808 His
781 763 942 807 nuntiis
971 765 1143 807 senatus
1172 763 1428 808 conterritus
1447 770 1470 807 2

98 827 317 883 justitium
347 826 487 881 indici,
517 827 717 872 dilectum
747 827 882 872 omnis
912 827 1078 885 generis
1109 827 1322 872 hominum
1354 827 1429 871 ha-

104 890 194 935 beri
207 892 368 949 jussit:
400 907 478 937 nec
507 892 680 951 ingenui
710 893 833 937 modo
855 896 928 936 aut
943 891 1135 948 juniores
1166 895 1428 936 sacramento

104 955 242 1001 adacti
272 956 347 1001 sed
383 957 594 1002 seniorum
625 958 752 1002 etiam
781 957 975 1002 cohortes
1006 957 1130 1002 factae
1160 956 1427 1015 libertinique

103 1020 352 1067 centuriati:
394 1025 438 1066 et
479 1021 749 1067 defendendae
788 1021 906 1066 urbis
946 1021 1119 1066 consilia
1158 1021 1428 1080 agitabantur

102 1099 358 1145 summaeque
377 1101 518 1131 rerum
540 1090 696 1145 praetor
716 1086 764 1131 P.
790 1085 1061 1144 Sempronius
1083 1089 1274 1144 praeerat.
1337 1086 1426 1132 Cae-
1444 1094 1466 1130 3

99 1152 239 1194 terum
280 1153 399 1209 parte
439 1165 550 1196 curae
589 1151 875 1196 exonerarunt
911 1154 1105 1195 senatum
1135 1149 1187 1194 L.
1209 1149 1426 1195 Volumnii

100 1213 283 1259 consulis
327 1215 493 1270 litterae,
535 1215 688 1273 quibus
736 1230 866 1261 caesos
912 1215 1112 1273 fusosque
1157 1215 1425 1273 populatores

100 1278 339 1337 Campaniae
369 1280 586 1338 cognitum
616 1284 712 1325 est:
754 1280 898 1339 itaque
939 1283 982 1324 et
1014 1279 1341 1338 supplicationes
1372 1280 1425 1325 ob

98 1359 188 1388 rem
208 1343 314 1390 bene
334 1350 497 1404 gestam
518 1345 701 1390 consulis
721 1345 891 1390 nomine
919 1343 1150 1390 decernunt
1168 1364 1178 1389 ι
1208 1345 1422 1403 justitium

97 1408 333 1453 remittitur
361 1409 474 1467 quod
503 1409 643 1455 fuerat
664 1409 753 1454 dies
781 1409 926 1454 decem
957 1412 1066 1462 oct0,
1091 1409 1424 1468 supplicatioque

97 1473 271 1531 perlaeta
309 1473 405 1518 fuit.
467 1474 575 1518 Tum
617 1474 669 1519 de
708 1474 904 1532 praesidio
941 1474 1125 1532 regionis
1161 1474 1465 1532 depopulatae4

96 1537 149 1582 ab
179 1537 438 1583 Samnitibus
468 1539 621 1597 agitari
647 1544 861 1597 coeptum:
894 1538 1037 1598 itaque
1066 1538 1224 1596 placuit
1252 1543 1301 1584 ut
1331 1539 1423 1584 duae

95 1602 268 1647 coloniae
291 1603 402 1648 cirea
423 1603 654 1648 Vescinum
681 1610 725 1648 et
746 1603 969 1648 Falernum
999 1618 1147 1659 agrum
1170 1603 1424 1650 deduceren-

94 1669 180 1720 tur,
203 1682 289 1712 una
309 1666 363 1711 ad
383 1668 539 1712 ostium
560 1667 674 1712 Liris
695 1668 813 1712 fluvii
829 1683 921 1726 quae
937 1667 1180 1713 Menturnae
1201 1669 1422 1728 appellata,

95 1731 229 1776 altera
261 1731 307 1776 in
341 1731 453 1777 saltu
484 1732 668 1777 Vescino
699 1731 924 1776 Falernum
958 1733 1233 1792 contingente
1263 1749 1423 1792 agrum,

92 1795 166 1842 ubi
195 1797 295 1841 Sino
326 1812 349 1842 e
382 1796 538 1842 dicitur
567 1797 716 1842 Graeca
743 1797 844 1842 urbs
872 1797 1015 1852 fuisse,
1047 1797 1246 1843 Sinuessa
1273 1799 1423 1845 deinde

93 1860 146 1906 ab
167 1861 258 1906 colo
349 1861 551 1906 Romanis
574 1862 782 1920 appellata
802 1878 811 1906 :
842 1862 1024 1906 tribunis
1050 1862 1183 1920 plebis
1204 1865 1423 1922 negotium

94 1925 242 1970 datum
263 1930 330 1971 est
350 1930 400 1970 ut
422 1926 556 1984 plebei
579 1927 685 1971 scito
700 1926 926 1984 juberetur
946 1927 995 1971 P.
1021 1927 1292 1985 Sempronius
1318 1944 1423 1987 prae-

90 1993 160 2035 tor
191 1991 436 2035 triumviros
472 1991 518 2034 in
554 2006 604 2035 ea
638 1990 729 2036 loca
764 1990 922 2035 colonis
959 1990 1214 2037 deducendis
1250 2008 1419 2039 creare:

91 2069 170 2100 nec
211 2055 286 2113 qui
324 2054 493 2099 nomina
529 2054 677 2100 darent
718 2055 839 2100 facile
874 2055 1206 2110 inveniebantur,
1245 2059 1343 2116 quia
1376 2059 1422 2104 in

92 2119 320 2164 stationem
351 2135 397 2164 se
427 2134 558 2177 prope
586 2128 833 2178 perpetuam
859 2119 1026 2164 infestae
1053 2121 1237 2179 regionis
1264 2137 1350 2167 non
1376 2125 1421 2168 in

90 2199 215 2242 agros
254 2184 371 2229 mitti
409 2183 624 2230 rebantur.
685 2184 858 2230 Avertit
893 2184 946 2229 ab
981 2185 1042 2230 eis
1077 2185 1190 2231 curis
1225 2191 1417 2233 senatum
1435 2201 1460 2238 5

89 2247 274 2294 Etruriae
308 2249 605 2308 ingravescens
638 2248 794 2295 bellum
835 2252 880 2296 et
914 2248 1072 2297 crebrae
1101 2249 1256 2298 litterae
1290 2253 1420 2312 Appii

149 2327 234 2355 nv.
245 2327 346 2353 ιιι.
358 2328 394 2353 1.
723 2327 746 2359 8
765 2328 788 2359 8
