1649 2452
99 85 105 90 ·
166 78 243 119 470
487 78 530 120 Τ.
557 79 706 121 L1v11
739 78 1157 123 ms‘romARUM
1282 136 1327 175 [Α
1357 135 1382 167 c
1409 135 1469 169 340

163 172 316 216 nitium
337 173 490 219 milites
511 175 699 233 plerique
725 176 905 222 inermes
931 191 1010 222 nec
1037 177 1148 222 coire
1175 177 1220 221 in
1245 192 1377 221 unum
1406 193 1484 223 nec

163 251 278 281 arma
304 252 452 297 capere
477 254 556 284 nec
585 240 771 298 recipere
799 241 913 286 intra
941 241 1096 286 vallum
1126 256 1172 286 se
1201 245 1386 299 possent,
1414 257 1485 300 pa·

163 306 332 346 ventem
367 304 547 361 primum
587 304 632 348 in
672 308 811 349 castra
850 307 1118 364 compellunt,
1156 305 1305 350 deinde
1345 309 1485 351 castra.

99 372 143 408 Γ)
163 365 256 423 ipsa
275 367 457 411 turbatis
487 368 741 413 stationibus
769 370 953 428 capiunt.
1014 370 1235 415 Pei-fertur
1263 370 1374 415 circa
1400 371 1484 416 col-

162 430 243 474 lem
280 431 436 476 clamor
471 432 676 490 fugatque
712 449 765 478 ex
795 435 883 479 suis
919 436 1126 493 quemque
1161 435 1390 493 praesidiis:
1421 435 1484 480 ita

161 511 313 552 magna
352 512 447 554 pars
488 496 653 541 absenti
691 497 805 542 hosti
845 499 996 543 cessit:
1036 514 1141 557 quos
1179 499 1293 543 intra
1326 498 1483 544 vallum

159 564 304 618 egerat
339 561 645 618 pavor—fuere
680 565 823 607 autem
854 562 907 607 ad
936 563 1116 620 triginta
1150 562 1481 608 millia—omnes

48 624 268 680 (37)eaesi,
291 629 429 669 castra
456 624 631 683 direpta.
692 626 765 670 Ita
790 626 916 671 rebus
945 627 1078 685 gestis
1106 627 1254 672 consul
1280 626 1482 675 advocata

160 690 360 733 concione
382 690 429 733 P.
442 689 565 734 Decii
584 705 670 734 non
690 694 851 748 coeptas
873 691 1009 735 solum
1031 694 1130 736 ante
1151 691 1225 736 sed
1245 691 1480 737 cumulatas

158 768 267 797 nova
301 753 460 798 virtute
495 754 640 799 laudes
676 756 852 814 peragit,
891 758 935 800 et
970 759 1123 813 praeter
1161 755 1360 800 militaria
1401 757 1482 801 alia

159 817 269 861 dona
289 834 415 862 aurea
436 834 589 863 corona
610 835 702 864 eum
728 824 770 864 et
787 824 958 865 centum
979 820 1117 865 bubus
1139 820 1375 878 eximioque
1394 836 1480 866 uno

157 882 251 926 albo
275 883 413 940 opimo
435 884 593 928 auratis
615 885 812 929 cornibus
835 884 987 929 donat:
1019 885 1188 938 milites,
1213 885 1349 942 quiin
1375 901 1481 943 prae-

159 947 265 990 sidio
294 947 419 991 simul
446 948 627 1001 fuerant,
652 949 808 1007 duplici
836 950 1049 994 frumento
1078 949 1122 993 in
1149 952 1412 1007 perpetuum,
1435 950 1480 995 in

157 1012 381 1068 praesentia
408 1012 585 1071 singulis
613 1013 750 1058 bubus
778 1014 971 1072 binisque
997 1013 1153 1058 tunicis
1181 1013 1326 1058 donati
1355 1017 1479 1060 sunt:

155 1075 386 1120 secundum
407 1078 590 1122 consulis
620 1079 887 1123 donationem
914 1078 1100 1136 legiones
1128 1078 1383 1136 gramineam
1410 1094 1480 1124 co·-

155 1156 300 1184 ronam
337 1141 579 1186 obsidialem
620 1143 799 1187 clamore
836 1143 992 1186 donum
1028 1142 1307 1200 adprobantes
1342 1143 1478 1188 Decio

152 1205 395 1262 imponunt:
427 1206 559 1250 altera
579 1223 744 1260 corona,
767 1207 953 1264 ejusdem
975 1207 1146 1251 honoris
1167 1207 1306 1264 index,
1328 1223 1354 1252 a
1372 1223 1479 1266 prae-

117 1279 137 1313 2
153 1270 259 1314 sidio
281 1286 357 1314 suo
379 1271 575 1328 imposita
596 1275 673 1316 est.
727 1272 811 1316 His
827 1272 1050 1316 decoratus
1071 1271 1308 1330 insignibus
1326 1272 1477 1318 bovem

153 1335 351 1378 eximium
373 1335 506 1379 Marti
527 1336 772 1389 immolavit,
796 1343 966 1381 centum
987 1335 1116 1380 boves
1138 1335 1344 1381 militibus
1367 1337 1476 1382 dono

151 1398 267 1443 dedit
299 1400 367 1458 qui
398 1415 539 1445 secum
568 1401 613 1444 in
642 1401 909 1459 expeditione
940 1401 1137 1445 fuerant:
1168 1400 1304 1445 isdem
1332 1401 1477 1446 militi-

153 1463 228 1508 bus
249 1463 435 1522 legiones
460 1464 586 1509 libras
616 1465 739 1510 farris
768 1469 812 1510 et
840 1465 1047 1510 sextarios
1077 1465 1165 1509 vini
1194 1465 1473 1521 contulerant,

151 1530 372 1584 omniaque
394 1545 444 1573 ea
462 1529 627 1588 ingenti
648 1530 867 1575 alacritate
888 1546 964 1588 per
985 1530 1209 1575 clamorem
1236 1530 1474 1588 militarem,

111 1600 132 1636 3
150 1593 328 1638 indicem
360 1594 546 1638 omnium
577 1594 793 1650 adsensus,
823 1595 1092 1654 gerebantur.
1156 1595 1300 1640 Tertia
1330 1611 1475 1655 pugna

148 1659 200 1703 ad
231 1659 471 1703 Suessulam
500 1660 721 1704 commissa
749 1664 826 1713 est,
851 1676 935 1718 qua
959 1661 1133 1718 fugatus
1164 1675 1188 1704 a
1216 1660 1278 1704 M.
1302 1660 1474 1706 Valerio

150 1724 399 1768 Samnitium
427 1725 638 1769 exercitus
666 1725 780 1769 omni
808 1725 958 1770 robore
980 1725 1222 1782 juventutis
1251 1725 1375 1770 domo
1406 1741 1474 1771 ac-

108 1795 131 1830 ›1-
146 1789 229 1833 cito
265 1789 494 1834 certamine
524 1789 674 1834 ultimo
711 1790 925 1834 fortunam
960 1790 1142 1848 experiri
1176 1789 1341 1834 statuit.
1402 1789 1472 1835 Ab

148 1853 346 1897 Suessula
372 1853 695 1912 nuntiitrepidi
723 1854 925 1913 Capuam,
946 1854 1044 1899 inde
1071 1854 1235 1912 equites
1266 1853 1387 1898 citati
1416 1854 1472 1899 ad

146 1919 358 1963 Valerium
395 1918 608 1963 consulem
651 1934 773 1977 opem
811 1923 978 1964 oratum
1013 1919 1214 1964 veniunt:
1248 1919 1470 1964 confestim

143 1983 264 2040 sigua
294 1988 409 2027 mota
438 1983 678 2042 relictisque
713 1983 1024 2042 impedimentis
1060 1988 1296 2028 castrorum
1332 1983 1481 2038 valido,

143 2047 336 2106 praesidio
364 2049 517 2105 raptim
544 2049 686 2107 agitur
714 2065 878 2107 agmen,
901 2063 978 2094 nec
1007 2048 1154 2106 procul
1183 2047 1235 2093 ab
1264 2048 1387 2093 hoste
1407 2048 1469 2093 lo-

144 2126 239 2157 cum
275 2112 563 2171 perexiguum,
596 2116 646 2158 ut
682 2114 834 2172 quibus
870 2116 1023 2173 praeter
1058 2128 1188 2171 equos
1219 2116 1469 2160 caeterorum

139 2176 427 2235 jumentorum
463 2178 738 2235 calonumque
772 2178 898 2224 turba
937 2178 1117 2233 abesset,
1151 2178 1303 2224 castris
1337 2178 1466 2238 oepit.

101 2241 124 2301 ὗ
145 2242 395 2294 Samnitium
421 2243 644 2302 exercitus
674 2243 791 2294 velut
818 2243 932 2294 haud
960 2243 1045 2294 ulla
1073 2259 1191 2294 mora
1217 2258 1371 2310 pugna
1395 2243 1465 2301 fu-
