1649 2452
254 91 332 129 400
574 91 618 130 T.
642 91 792 130 LIVII
825 89 1242 130 HISTORIARUM
1363 143 1410 183 [A
1439 143 1464 174 C
1520 145 1558 179 78

252 186 338 228 tam
367 183 492 230 vicini
517 185 615 230 belli
641 188 758 230 metu
787 184 987 229 Camillus
1015 187 1155 229 motus
1183 184 1392 242 extemplo
1414 200 1459 229 sc
1479 187 1572 231 Ro-

254 264 363 292 mam
391 249 577 304 captivos
607 249 833 293 ducturum
856 249 927 302 ait,
950 264 1003 293 ne
1031 253 1172 307 patres
1199 249 1336 306 ignari
1356 248 1440 293 sint
1461 249 1548 293 Tus

254 313 423 358 culanos
455 313 506 358 ab
538 314 738 358 societate
767 313 974 358 descisse:
1008 314 1158 358 castris
1188 313 1475 371 exercituique
1504 313 1568 357 in-

215 377 389 429 3terim,
427 378 463 421 si
495 378 699 432 videatur,
736 378 879 434 praesit
913 377 1085 436 collega.
1147 377 1416 422 Documento
1456 393 1567 421 unus

254 441 341 486 dies
371 442 520 496 fuerat,
554 458 606 486 ne
637 458 713 486 sua
742 442 914 485 consilia
943 442 1184 486 melioribus
1216 441 1460 500 praeferret:
1490 456 1568 486 nec

252 510 394 550 tamen
429 510 502 550 aut
537 507 617 564 ipsi
648 509 721 550 aut
751 506 795 549 in
826 507 1015 550 exercitu
1045 507 1239 564 cuiquam
1271 506 1374 550 satis
1404 505 1568 563 placato

253 571 389 615 animo
432 570 631 615 Camillus
670 570 833 614 laturus
875 570 1042 628 culpam
1083 570 1174 628 ejus
1211 570 1444 623 videbatur,
1487 585 1569 628 qua

253 634 351 678 data
384 635 428 678 in
463 639 549 679 tam
584 635 843 692 praecipitem
879 650 1022 679 casum
1058 650 1125 678 res
1161 634 1328 692 publica
1363 636 1487 688 esset,
1523 637 1568 678 et

254 715 383 756 quum
412 699 458 743 in
487 699 675 744 exercitu
706 702 798 742 tum
830 699 977 744 Romae
1009 702 1206 743 constans
1237 698 1423 742 omnium
1457 698 1569 742 fama

253 767 355 816 erat,
394 780 522 822 quum
557 764 672 808 varia
707 763 878 807 fortuna
912 764 956 808 in
991 763 1162 808 Vulscis
1193 766 1315 821 gesta
1342 778 1410 807 res
1441 765 1568 816 esset,

253 827 436 873 adversae
463 844 615 887 pugnae
642 828 837 885 fugaeque
863 828 908 872 in
934 828 986 872 L.
1010 827 1139 871 Furio
1168 827 1344 884 culpam,
1375 827 1568 872 secundae

215 891 379 937 4decus
420 907 541 936 omne
581 908 709 950 penes
750 892 813 936 M.
837 892 1015 936 Furium
1055 907 1159 936 esse.
1222 890 1484 936 Introductis
1523 891 1568 936 in

252 960 444 1002 senatum
467 957 654 1014 captivis,
677 972 809 1013 quum
829 956 937 1000 bello
966 955 1277 1014 persequendos
1305 955 1566 1001 Tusculanos

251 1026 392 1079 patres
429 1021 693 1066 censuissent
729 1020 989 1079 Camilloque
1024 1021 1068 1065 id
1096 1021 1252 1066 bellum
1282 1021 1564 1074 mandassent,

250 1085 484 1143 adjutorem
515 1085 595 1130 sibi
626 1084 678 1129 ad
708 1100 799 1129 eam
834 1101 923 1129 rem
953 1101 1082 1128 unum
1120 1085 1240 1142 petit,
1280 1085 1567 1143 permissoque

250 1153 299 1194 ut
331 1166 382 1194 ex
413 1150 584 1208 collegis
615 1152 781 1207 optaret
818 1165 940 1208 quem
975 1149 1110 1202 vellet,
1145 1152 1293 1194 contra
1328 1165 1442 1207 spem
1479 1164 1568 1193 om-

250 1215 365 1259 nium
387 1215 438 1259 L.
461 1213 638 1258 Furium
659 1213 821 1272 optavit
840 1230 849 1258 :
881 1229 964 1272 qua
984 1213 1268 1259 moderatione
1290 1214 1416 1259 animi
1437 1229 1567 1273 quum

251 1279 420 1337 collegae
455 1278 611 1324 levavit
643 1278 868 1331 infamiam,
906 1282 999 1322 tum
1035 1277 1114 1322 sibi
1146 1278 1321 1336 gloriam
1353 1278 1567 1336 ingentem

215 1356 235 1392 5
252 1343 425 1401 peperit.
488 1343 581 1388 Nec
612 1343 693 1387 fuit
725 1358 820 1387 cum
851 1342 1098 1387 Tusculanis
1128 1342 1308 1387 bellum:
1341 1357 1443 1400 pace
1474 1357 1552 1387 con

250 1408 380 1452 stanti
411 1407 494 1451 vim
528 1407 761 1451 Romanam
793 1410 1031 1459 arcuerunt,
1067 1422 1190 1464 quam
1222 1406 1347 1451 armis
1383 1422 1466 1451 non
1500 1422 1568 1465 po-

250 1476 415 1516 terant:
468 1471 725 1516 intrantibus
766 1471 869 1515 fines
911 1471 1115 1516 Romam's
1156 1486 1241 1516 non
1288 1470 1566 1529 demigratum

253 1551 302 1580 ex
332 1536 577 1594 propinquis
607 1535 770 1580 itineris
799 1535 915 1588 locis,
945 1550 1032 1579 non
1060 1535 1200 1580 cultus
1223 1551 1417 1593 agrorum
1439 1536 1568 1580 inter-

254 1600 417 1653 missus,
448 1600 690 1658 patentibus
720 1599 855 1658 portis
884 1599 1000 1644 urbis
1029 1600 1168 1658 togati
1189 1600 1352 1645 obviam
1375 1600 1569 1658 frequen-

253 1673 315 1708 tes
344 1664 666 1722 imperatoribus
695 1679 949 1722 processere,
981 1668 1238 1709 commeatus
1266 1665 1472 1709 exercitui
1500 1681 1569 1710 co-

205 1738 226 1771 6
254 1730 376 1773 miter
396 1729 440 1773 in
462 1734 601 1773 castra
616 1744 667 1773 ex
688 1728 792 1774 urbe
814 1733 926 1773 etex
948 1729 1059 1786 agris
1081 1727 1314 1774 devehitur.
1366 1729 1568 1774 Camillus

252 1793 401 1837 castris
433 1798 531 1837 ante
562 1797 705 1851 portas
737 1793 886 1851 positis
918 1792 1118 1838 eademne
1150 1795 1283 1838 forma
1317 1793 1444 1852 pacis,
1476 1809 1568 1852 quae

253 1859 294 1901 iu
332 1858 442 1915 agris
479 1862 777 1912 ostentaretur,
817 1858 942 1902 etiam
981 1857 1094 1902 intra
1128 1859 1279 1903 moenia
1314 1863 1426 1903 esset
1462 1859 1568 1904 scire

252 1922 436 1978 cupiens,
471 1922 685 1980 ingressus
716 1922 864 1967 urbem
899 1922 973 1967 ubi
1009 1926 1202 1978 patentes
1235 1924 1389 1979 januas
1426 1927 1469 1968 et
1504 1927 1569 1967 ta-

255 1987 391 2030 bernis
423 1987 578 2043 apertis
620 1988 836 2046 proposita
865 1987 1004 2031 omnia
1034 1987 1078 2030 in
1118 1985 1254 2031 medio
1288 1987 1404 2044 vidit,
1434 1988 1568 2032 inten-

253 2057 403 2109 tosque
444 2051 612 2108 opifices
654 2067 730 2096 suo
762 2067 969 2110 quemque
1010 2052 1138 2110 operi,
1171 2056 1214 2096 et
1255 2051 1375 2097 ludos
1410 2051 1568 2097 littera-

254 2131 343 2159 rum
387 2120 574 2173 strepere
616 2117 868 2162 discentium
908 2116 1093 2170 vocibus»,
1137 2131 1185 2162 ac
1225 2117 1406 2175 repletas
1446 2117 1569 2162 semi-

252 2185 316 2223 tas
348 2179 459 2224 inter
489 2180 641 2239 vulgus
673 2181 787 2226 aliud
817 2196 1042 2240 puerorum
1073 2184 1116 2226 et
1147 2181 1367 2226 mulierum
1394 2182 1478 2227 huc
1507 2185 1568 2226 at·

252 2259 332 2304 que
358 2243 458 2290 illuc
487 2246 682 2292 euntium
707 2261 790 2308 qua
817 2260 1025 2306 quemque
1051 2261 1225 2293 suorum
1251 2262 1408 2293 usuum
1429 2261 1566 2299 eausa>
