1649 2452
181 57 260 94 450
507 56 552 95 T.
584 55 734 95 LIVII
765 55 1188 96 HISTORIARUM

144 157 170 205 5
181 151 419 195 mutaverat
465 149 668 203 dominos,
711 164 883 194 censum
929 150 998 208 agi
1042 149 1213 206 placuit.
1293 108 1505 194 ([1101ἓ111111

165 228 312 271 ,quum
342 214 586 259 censoribus
617 213 808 258 creandis
838 213 996 259 indicta
1027 214 1197 258 comitia
1227 216 1381 266 essent,
1413 227 1506 271 pro·

179 278 320 323 fessus
361 292 580 324 censuram
621 293 666 322 se
706 281 850 334 petere
891 277 940 322 C.
967 278 1157 322 Marcius
1202 277 1392 330 Rutilus,
1435 277 1506 334 qui

180 343 342 400 primus
378 342 559 387 dictator
595 341 646 386 de
677 341 798 399 plebe
829 341 980 395 fuerat,
1014 341 1278 387 concordiam
1313 341 1506 386 ordinum

182 407 396 451 turbavit:
429 406 541 464 quod
580 404 805 450 videbatur
840 405 1009 464 quidem
1042 410 1234 464 tempore
1274 405 1408 450 alieno
1447 405 1508 450 fe-

182 471 300 525 cisse,
332 471 430 529 quia
458 470 578 515 ambo
606 474 699 514 tum
727 470 837 515 forte
865 471 1030 528 patricii
1057 470 1250 515 consules
1279 473 1411 525 erant,
1437 469 1510 527 qui

147 536 387 580 Grationcm
409 538 500 592 ejus
523 550 567 579 se
597 534 817 579 habituros
845 535 1070 592 negabant.
1134 534 1217 579 Sed
1237 537 1281 579 et
1301 534 1391 591 ipse
1412 548 1509 578 con-

182 601 340 645 stantia
360 601 576 656 inceptum
596 599 782 643 obtinuit
803 605 846 644 et
866 599 1028 644 tribuni
1048 600 1163 644 0111111
1181 599 1225 643 vi
1239 598 1509 656 reciperando

178 667 251 722 jus
273 663 561 709 consularibus
583 664 764 707 comitiis
786 664 986 708 amissum
1008 663 1282 721 adjuverunt:
1314 666 1358 707 et
1379 672 1511 721 quum

182 729 314 786 ipsius
336 729 416 772 viri
436 728 633 786 majestas
661 728 817 772 nullius
837 728 1008 773 honoris
1031 728 1250 786 fastigium
1270 743 1356 772 non
1376 742 1510 786 aequa-

182 792 268 846 bat,
311 796 404 837 tum
439 808 514 850 per
551 792 745 846 eundem,
784 793 856 850 qui
892 792 946 837 ad
981 793 1235 837 dictaturam
1276 792 1511 850 aperuisset

183 857 306 913 viam,
325 872 543 902 censuram
567 872 734 915 quoque
754 857 798 901 in
819 861 981 915 partem
1001 857 1144 902 vocari
1164 856 1307 915 plebes
1330 856 1510 902 volebat.

151 926 172 968 7
185 923 279 967 Nec
299 922 506 967 variatum
535 923 715 967 comitiis
743 928 808 968 051
837 923 940 981 quin
967 938 1064 968 cum
1090 922 1253 968 Manlio
1277 922 1396 968 Gneo
1417 937 1509 968 cen-

187 1003 256 1032 sor
276 987 468 1032 Marcius
490 990 716 1032 crearetur.

151 1058 174 1094 8
244 1052 509 1096 Dictatorem
551 1067 717 1110 quoque
757 1052 826 1097 hic
866 1067 1001 1096 annus
1042 1052 1193 1097 habuit
1232 1052 1297 1096 M.
1334 1051 1512 1096 Fabium

186 1116 302 1160 nullo
334 1120 496 1161 terrore
532 1115 629 1161 belli
666 1115 740 1161 sed
775 1132 829 1161 ne
858 1117 1024 1161 Licinia
1052 1117 1122 1161 lex
1152 1116 1332 1161 0011111115
1364 1131 1514 1161 0011511-

152 1180 344 1225 9laribus
377 1181 684 1226 observaretur.
744 1181 955 1238 Magister
985 1181 1177 1239 equitum
1214 1181 1411 1226 dictatori
1441 1180 1513 1225 ad·
1595 1192 1598 1196 ’

128 1255 175 1291 10
190 1245 303 1290 ditus
333 1246 388 1294 Q.
421 1245 633 1290 Servilius.
693 1246 788 1290 Nec
817 1250 960 1290 tamen
991 1246 1203 1290 dictatura
1232 1245 1512 1304 potentiorem
1593 1252 1611 1305 γ’,ᾗ

191 1326 287 1354 011111
309 1325 558 1355 consensum
573 1313 740 1369 patrum
764 1310 1052 1355 consularibus
1069 1311 1249 1355 comitiis
1266 1310 1367 1355 fecit
1389 1325 1512 1368 quam

73 1374 390 1428 (23)censoriis
431 1375 595 1420 fuerat:
627 1375 691 1420 M.
714 1375 902 1432 Popilius
937 1376 1088 1420 Laenas
1129 1390 1155 1419 a
1193 1375 1314 1432 plebe
1353 1374 1512 1428 consul,

154 1446 215 1483 2a
235 1439 426 1496 patribus
447 1440 497 1484 L.
523 1440 742 1485 Cornelius
772 1440 911 1497 Scipio
939 1439 1076 1484 datus.
1137 1439 1328 1484 Fortuna
1348 1453 1514 1498 quoque

187 1504 459 1549 illustriorem
499 1505 709 1562 plebeium
749 1505 962 1549 consulem
996 1505 1125 1549 fecit:
1157 1520 1254 1549 nam
1290 1518 1419 1562 quum
1453 1505 1515 1549 in·

189 1572 358 1626 gentem
389 1569 603 1613 Gallorum
631 1570 863 1614 exercitum
890 1569 935 1614 in
963 1584 1064 1626 agro
1091 1569 1248 1614 Latino
1279 1572 1417 1614 castra
1443 1583 1514 1627 po-

189 1634 323 1678 suisse
351 1634 594 1678 nuntiatum
622 1638 746 1687 esset,
772 1634 966 1691 Scipione
994 1634 1114 1692 gravi
1139 1633 1285 1678 morbo
1311 1632 1515 1691 implicito

153 1704 174 1739 3
191 1698 398 1742 Gallicum
437 1697 595 1742 bellum
636 1698 800 1756 Popilio
841 1703 962 1743 extra
1001 1698 1189 1743 ordinem
1230 1697 1387 1742 datum.
1467 1697 1514 1743 Is

189 1762 367 1821 impigre
408 1762 600 1808 exercitu
640 1763 810 1819 scripto,
853 1779 982 1821 quum
1017 1778 1161 1807 omncs
1197 1765 1316 1807 extra
1350 1766 1515 1820 portam

191 1827 404 1884 Capenam
435 1827 488 1871 ad
519 1827 674 1872 Martis
706 1827 836 1872 aedem
868 1828 1090 1873 convenire
1117 1831 1299 1872 armatos
1327 1826 1514 1885 juniores

184 1891 383 1949 jussisset
412 1891 616 1950 signaque
645 1891 789 1936 eodem
821 1896 1050 1950 quaestores
1082 1907 1134 1936 ex
1164 1893 1308 1936 aerario
1339 1891 1514 1948 deferre,

191 1961 392 2012 quattuor
413 1956 591 2014 expletis
613 1956 860 2015 legionibus,
885 1957 996 2015 quod
1024 1956 1232 2014 superfuit
1261 1957 1443 2001 militnm
1463 1957 1514 2002 P.

191 2020 362 2065 Valerio
385 2021 614 2066 Publicolae
635 2022 806 2079 proetori
828 2021 1014 2074 tradidit,
1039 2025 1185 2066 auctor
1205 2021 1395 2079 putribus
1417 2022 1515 2066 scri-

189 2083 315 2129 bendi
336 2085 508 2130 alterius
535 2086 759 2141 exercitus,
781 2085 892 2144 quod
920 2085 973 2130 ad
1000 2086 1182 2130 incertos
1214 2085 1310 2131 belli
1337 2090 1514 2131 eventus

153 2149 424 2194 4subsidium
456 2151 516 2195 rei
547 2151 726 2209 publicae
756 2155 881 2196 esset.
943 2150 1042 2209 Ipsc
1069 2151 1154 2209 jam
1187 2152 1289 2196 satis
1319 2151 1513 2198 omnibus

191 2214 408 2278 instructis
450 2215 786 2288 comparatisque
826 2215 877 2264 ad
914 2215 1077 2266 hostem
1118 2217 1268 2279 pergit,
1307 2219 1428 2281 quus
1463 2219 1510 2279 111
