1649 2452
561 117 675 156 LIB.
703 116 782 157 IX.
811 119 877 165 37,
897 119 961 158 38.
1339 120 1418 158 585

109 169 203 203 Ac.
219 170 308 210 308.]

104 216 271 270 gentem
297 212 343 256 in
361 208 533 254 saltus
521 211 657 255 mvios
677 209 900 256 deductam
927 211 1102 268 saeptam
1121 223 1209 254 non
1234 209 1423 255 hostium

101 277 233 335 magis
254 275 380 320 armis
401 289 526 333 quam
545 274 733 319 locorum
751 274 1044 333 iniquitatibus
1065 289 1184 319 esse:
1208 276 1345 332 jam,³
1321 290 1424 318 t›rau-

100 340 214 384 dium
253 339 413 384 invidia
445 337 625 396 quadam
653 339 920 391 miscebatur,
959 337 1072 396 quod
1107 338 1207 383 belli
1240 338 1423 383 Romani

102 403 227 449 decus
262 403 314 449 ab
350 402 608 448 Samnitibus
648 404 821 447 fortuna
855 403 909 446 ad
941 403 1147 448 Etruscos
1184 403 1421 447 avertisset.

101 467 251 526 Itaque
273 467 399 512 armis
425 467 610 526 virisque
631 467 684 511 ad
712 466 988 512 obtinendum
1014 467 1063 512 C.
1085 467 1295 512 Marcium
1324 471 1460 511 con-5

101 531 231 577 sulem
260 535 530 585 concurrunt,
560 531 754 589 protinus
785 531 881 576 inde
909 531 1121 575 Etruriam
1148 546 1223 589 per
1252 531 1421 575 Marsos

99 611 147 641 ac
183 596 359 642 Sabinos
393 596 581 655 petituri,
615 596 652 640 si
687 596 876 640 Marcius
908 595 1132 640 dimicandi
1166 599 1420 653 potestatem

97 675 183 705 non
201 661 342 706 faciat.
400 659 562 705 Obvius
592 660 658 705 his
686 659 833 705 consul
861 660 972 704 fuit:
1005 659 1250 705 dimicatum
1275 660 1458 718 proelio6

97 725 309 783 utrimque
349 725 481 770 atroci
520 728 649 782 atque
688 725 849 769 incerto
885 727 1040 769 eventu
1079 728 1158 779 est,
1193 729 1248 778 ct,
1292 741 1420 782 quum

97 803 249 848 anceps
278 789 412 834 caedes
447 789 611 843 suisset,
641 787 826 833 adversae
856 791 1000 833 tamen
1028 789 1090 833 rei
1119 789 1230 832 fama
1258 789 1304 833 in
1332 790 1422 834 Ro-

95 868 240 898 manos
266 854 396 898 vertit
416 853 470 897 ob
499 853 673 897 amissos
702 852 904 910 quosdam
933 853 1140 911 equestris
1162 852 1318 898 ordinis
1348 853 1422 897 tri-

92 916 314 977 bunosque
332 917 512 962 militum
533 922 660 976 atque
679 933 811 961 unum
832 917 1017 975 legatum
1045 921 1099 969 et,
1124 916 1235 975 quod
1255 917 1420 974 insigne

94 983 275 1027 maxime
308 982 404 1034 fuit,
440 982 622 1026 consulis
662 981 797 1039 ipsius
837 982 1002 1026 vulnus.
1065 981 1131 1026 Ob
1164 981 1253 1026 haec
1293 982 1457 1028 etiam?

94 1051 220 1092 aucta
238 1047 360 1099 fama,
383 1049 433 1090 ut
454 1046 572 1099 solet,
596 1046 745 1104 ingens
772 1049 910 1090 terror
936 1050 1077 1104 patres
1106 1046 1260 1090 invasit
1288 1045 1420 1090 dicta-

91 1114 311 1169 toremque
332 1110 414 1155 dici
440 1109 643 1168 placebat,
666 1125 744 1155 nec
771 1110 874 1168 quin
901 1110 1060 1155 Cursor
1084 1110 1278 1168 Papirius
1306 1111 1419 1155 dice-

92 1180 225 1233 retur,
244 1176 290 1220 in
310 1190 392 1233 quo
413 1177 505 1219 tum
527 1190 691 1218 summa
712 1175 775 1219 rei
794 1173 951 1219 bellicae
972 1174 1219 1233 ponebatur,
1243 1174 1418 1219 dubium

93 1240 287 1298 cuiquam
316 1243 432 1284 erat:
473 1238 548 1283 sed
576 1254 654 1283 nec
683 1239 728 1282 in
759 1239 974 1283 Samnium
1005 1239 1204 1283 nuntium
1239 1239 1418 1297 perferri

92 1303 286 1348 omnibus
314 1303 480 1348 infestis
507 1306 604 1347 tuto
632 1317 768 1361 posse,
797 1318 876 1348 nec
905 1303 1045 1348 vivere
1076 1304 1285 1348 Marcium
1321 1319 1417 1349 con-

92 1368 226 1412 sulem
255 1368 358 1412 satis
385 1366 598 1412 fidebant:
630 1367 736 1412 alter
764 1368 908 1412 consul
939 1367 1095 1413 Fabius
1124 1369 1306 1413 infestus
1334 1368 1417 1426 pri·

89 1433 222 1476 vatim
252 1432 422 1490 Papirio
450 1435 553 1484 erat,
577 1447 670 1489 quae
699 1447 752 1475 ne
783 1432 846 1476 ira
873 1432 1063 1477 obstaret
1094 1432 1203 1478 bono
1234 1433 1415 1491 publico,

89 1498 252 1554 legatos
283 1511 336 1541 ex
365 1495 647 1541 consularium
682 1512 857 1541 numero
886 1497 1117 1542 mittendos
1149 1497 1203 1542 ad
1232 1513 1328 1542 eum
1355 1514 1417 1543 se-

88 1565 215 1606 natus
243 1561 421 1615 censuit,
451 1561 523 1619 qui
550 1576 627 1605 sua
656 1557 824 1619 q'uoque
852 1577 949 1606 eum
974 1578 1061 1607 non
1086 1562 1254 1620 publica
1281 1563 1417 1608 solum

89 1626 344 1671 auctoritate
373 1629 591 1669 moverent
615 1629 664 1669 ut
692 1626 933 1670 memoriam
964 1627 1242 1671 simultatium
1270 1628 1416 1685 patriae

90 1691 337 1735 remitteret.
398 1688 586 1734 Profecti
621 1689 751 1748 legati
783 1689 835 1734 ad
867 1690 1043 1735 Fabium
1078 1707 1208 1750 quum
1243 1696 1452 1737 senatuSS

89 1755 329 1799 consultum
369 1753 642 1798 tradidissent
679 1753 1014 1813 adjecissentque
1050 1757 1282 1800 orationem
1317 1772 1416 1802 con-

89 1819 327 1864 venientem
359 1817 579 1872 mandatis,
613 1817 761 1862 consu]
795 1818 987 1864 demissis
1017 1819 1060 1864 in
1091 1824 1248 1864 terram
1282 1821 1414 1866 oculis

88 1883 244 1928 tacitus
275 1882 328 1928 ab
357 1883 543 1936 ineertiS,
577 1881 776 1940 quidnam
805 1891 978 1928 acturus
1009 1888 1134 1936 esset,
1167 1885 1318 1943 legatis
1348 1901 1414 1931 re-

87 1948 242 1993 cessit:
273 1951 398 1992 nocte
427 1947 576 1992 deinde
604 1946 783 2002 silentio,
811 1951 862 1992 ut
889 1962 980 1992 mos
1009 1952 1088 2003 est,
1116 1948 1168 1993 L.
1196 1949 1413 2007 Papirium

87 2011 334 2057 dictatorem
355 2011 475 2056 dixit.
539 2011 616 2055 Cui
637 2027 766 2069 quum
787 2011 840 2056 ob
863 2012 1047 2056 animum
1063 2014 1232 2072 egregie
1252 2015 1411 2060 victum
1425 2023 1449 2061 9

0 2115 1 2118 ,
83 2076 214 2149 legati
233 2076 392 2135 gratias
421 2079 608 2135 agerent,
629 2075 889 2120 obstinatum
917 2075 1131 2121 silentium
1159 2078 1342 2123 obtinuit
1363 2095 1412 2126 ac

86 2141 176 2186 sine
209 2155 410 2199 responso
447 2155 495 2184 ac
534 2140 747 2184 mentione
787 2139 889 2184 facti
929 2141 996 2185 sui
1034 2140 1197 2199 legatos
1237 2142 1410 2198 dimisit,

87 2208 136 2249 ut
168 2209 387 2264 appareret
418 2204 628 2262 insignem
660 2204 846 2248 dolorem
877 2204 1040 2263 ingenti
1073 2207 1291 2265 comprimi
1323 2209 1412 2254 ani·

85 2284 167 2315 mo.
205 2269 401 2329 Papirius
421 2269 470 2315 G.
488 2270 517 2314 J
518 2285 665 2314 unium
684 2267 925 2315 Bubulcum
945 2270 1195 2329 magistrum
1215 2273 1409 2332 equitum
1425 2280 1474 2319 10
