1649 2452
581 95 692 134 LIB.
724 95 796 135 Vl.
828 97 891 141 25,
913 96 978 135 26.
1369 100 1438 136 401

121 139 307 245 {ri-effi
309 150 433 235 Jnihss
468 205 647 248 usquam
687 204 774 234 non
813 189 974 248 pavidis
1011 189 1135 235 modo
1173 189 1247 235 sed
1281 204 1335 234 ne
1370 191 1446 235 mi-

121 257 312 303 rantibus
350 255 515 314 quidem
554 254 703 308 simile,
737 255 1099 314 circumspiciebat
1129 255 1270 300 omnia
1309 255 1446 313 inqui-

120 338 217 367 rens
247 320 392 375 oculis,
429 319 599 365 ubinam
636 319 790 364 bellum
829 320 1005 365 fuisset:
1039 319 1142 364 adeo
1178 335 1256 364 nec
1292 325 1443 365 amotae

120 386 183 431 rei
221 401 398 445 usquam
438 400 515 429 nec
555 383 706 430 oblatae
742 383 794 428 ad
834 389 1002 443 tempus
1041 384 1267 442 vestigium
1310 385 1440 429 ullum

120 455 223 504 erat,
254 450 325 496 sed
355 450 416 495 ita
442 450 581 494 omnia
607 449 820 493 constanti
847 449 1072 507 tranquilla
1092 464 1193 508 pace
1214 455 1262 494 ut
1290 465 1340 495 eo
1369 451 1439 495 vix

119 515 232 559 fama
252 514 349 560 belli
369 514 530 572 perlata
550 513 682 558 videri
703 519 859 572 posset.
912 514 1065 558 Victus
1081 514 1213 572 igitur
1234 515 1438 573 patientia
1457 520 1560 570 (26)

119 579 306 624 hostium
337 583 530 623 senatum
561 593 705 623 eorum
741 578 882 622 vocari
910 579 1066 636 jussit:
1111 583 1135 603 “
1152 579 1238 623 Soli
1273 579 1437 624 adhuc'’

119 645 271 702 inquit,
307 643 584 696 “Tusculani‚
620 658 718 687 vera
752 657 868 686 arma
897 658 1100 701 verasque
1130 643 1254 697 vires,
1288 645 1442 702 quibus

120 708 173 753 ab
203 708 266 752 ira
299 708 588 753 Romanorum
619 710 763 751 vestra
793 707 1051 761 tutaremini,
1083 707 1329 753 invenistis:
1381 709 1442 753 ite

120 773 300 818 Romam
331 772 385 817 ad
419 776 637 817 senatum:
670 771 939 816 aestimabunt
976 778 1130 830 patres,
1166 779 1312 817 utrum
1349 773 1442 831 plus

120 843 219 882 ante
240 853 373 895 poenae
395 852 450 881 an
467 851 580 880 nunc
604 836 735 881 veniae
756 836 896 880 meriti
917 836 1022 881 sitis.
1084 836 1186 881 Non
1207 837 1442 896 praecipiam
1462 846 1485 882 2

121 902 297 960 gratiam
329 901 484 960 publici
513 900 728 945 beneficii:
762 899 1012 956 deprecandi
1039 905 1295 960 potestatem
1325 918 1350 946 a
1377 918 1443 947 me

120 966 376 1011 habueritis:
422 965 618 1024 precibus
655 969 855 1009 eventum
896 966 1049 1010 vestris
1092 970 1278 1022 senatus,
1319 983 1443 1026 quem

120 1030 344 1084 videbitur,
373 1029 534 1074 dabit.'’
596 1029 829 1088 Postquam
858 1029 1038 1074 Romam
1066 1031 1295 1076 Tusculani
1320 1047 1444 1077 vene·
1462 1039 1485 1075 3

119 1102 221 1140 runt
249 1099 506 1153 senatusque
536 1094 661 1152 paulo
690 1099 788 1138 ante
816 1094 1002 1139 fidelium
1031 1096 1239 1141 sociorum
1270 1102 1444 1142 maestus

118 1159 165 1205 in
184 1159 393 1205 vestibulo
414 1159 541 1204 curiae
562 1165 628 1204 cst
651 1163 917 1217 conspectus,
940 1160 1046 1205 moti
1068 1160 1279 1220 extemplo
1302 1168 1443 1220 patres

119 1225 260 1270 vocari
289 1239 361 1270 eos
385 1224 472 1283 jam
501 1227 593 1268 tum
621 1223 887 1282 hospitaliter
916 1225 1051 1284 magis
1080 1241 1204 1284 quam
1234 1226 1443 1271 hostiliter

115 1290 295 1348 jussere.
356 1289 554 1334 Dictator
569 1288 834 1333 Tusculanus
850 1289 912 1334 ita
931 1289 1058 1335 verba
1078 1291 1200 1335 fecit:
1235 1291 1442 1340 “Quibus
1461 1301 1485 1336 4

125 1354 278 1399 bellum
309 1353 524 1398 indixistis
554 1353 855 1412 intulistisque‚
891 1360 1032 1412 patres
1063 1355 1302 1414 conscripti,
1333 1356 1443 1401 sicut

118 1434 232 1463 nunc
259 1418 413 1463 videtis
440 1433 518 1463 nos
546 1423 710 1462 stantes
738 1418 783 1463 in
811 1419 1018 1464 vestibulo
1046 1420 1172 1465 curiae
1198 1425 1361 1476 vestrae,
1382 1421 1444 1466 ita

118 1484 269 1528 armati
304 1483 522 1542 paratique
557 1482 722 1527 obviam
762 1483 1086 1542 imperatoribus
1122 1485 1442 1545 legionibusque

117 1549 273 1594 vestris
314 1547 606 1607 processimus,
689 1548 775 1593 Hic
814 1554 960 1594 noster
1003 1549 1073 1595 hic
1113 1549 1246 1608 plebis
1286 1557 1442 1596 nostrae
1459 1560 1482 1596 5

119 1615 288 1660 habitus
329 1615 411 1659 fuit
452 1615 616 1672 eritque
656 1629 833 1673 semper,
871 1616 953 1660 nisi
989 1616 1026 1661 si
1061 1616 1228 1675 quando
1264 1632 1289 1661 a
1323 1617 1442 1662 vobis

117 1695 278 1738 proque
312 1678 433 1724 vobis
469 1693 585 1722 arma
620 1679 916 1736 acceperimus.
992 1681 1159 1726 Gratias
1198 1681 1361 1740 agimus
1397 1686 1440 1726 et
1458 1691 1480 1726 6

118 1743 296 1790 ducibus
322 1743 475 1789 vestris
505 1750 548 1788 et
577 1743 846 1798 exercitibus,
870 1745 984 1803 quod
1004 1746 1135 1790 oculis
1162 1746 1295 1804 magis
1316 1762 1442 1805 quam

0 1812 1 1821 ¹
31 1835 34 1846 ·
118 1808 291 1854 auribus
326 1807 595 1854 crediderunt
627 1811 684 1860 et,
717 1807 791 1852 ubi
819 1809 924 1854 1111111
959 1809 1112 1855 hostile
1142 1815 1245 1865 erat,
1279 1826 1331 1856 ne
1361 1811 1443 1870 ipsi

119 1873 288 1933 quidem
317 1873 520 1919 fecerunt.
582 1873 752 1926 Pacem,
781 1889 905 1932 quam
934 1890 1010 1920 nos
1040 1875 1326 1934 praestitimus,
1350 1892 1442 1921 eam
1459 1883 1482 1923 7

118 1954 143 1983 a
163 1938 282 1984 vobis
311 1938 519 1997 petimus:
552 1937 707 1982 bellum
735 1939 980 1984 eo—sicubi
1002 1941 1328 1986 est—avertatis
1349 1957 1440 2000 pre-

118 2019 289 2049 camur:
319 2004 364 2048 in
397 2017 475 2047 nos
507 2001 609 2061 quid
639 2017 754 2047 arma
784 2003 968 2077 polleant
1000 2011 1154 2061 vestra,
1181 2005 1218 2050 si
1243 2006 1441 2064 patiendo

0 2079 5 2087 ·
31 2081 37 2110 ε
118 2067 422 2125 experiundum
444 2071 522 2122 est,
538 2067 718 2112 inermes
741 2069 1019 2127 experiemur.
1079 2069 1188 2115 Haec
1209 2085 1326 2116 mens
1347 2087 1440 2116 nos-
1457 2079 1480 2115 8

119 2135 187 2176 tra
222 2137 301 2185 est,
339 2131 397 2176 dii
432 2130 689 2176 immortales
728 2132 1029 2178 faciant—tam
1066 2134 1166 2179 felix
1201 2150 1325 2193 quam
1357 2137 1437 2193 pia.

0 2183 36 2242 'l
122 2195 248 2243 Quod
270 2195 323 2241 ad
343 2196 517 2241 crimina
537 2195 712 2251 adtinet,
735 2197 885 2255 quibus
916 2199 1018 2243 moti
1039 2198 1191 2243 bellum
1213 2199 1436 2252 indixistis,
1455 2209 1478 2246 9

124 2262 203 2304 etsi
225 2261 383 2305 revicta
405 2260 529 2305 rebus
550 2261 690 2306 verbis
719 2263 938 2309 confutare
959 2263 1063 2308 nihil
1085 2263 1260 2317 adtinet,
1281 2268 1445 2322 tamen,

175 2338 323 2362 mmm
327 2339 400 2364 τ.1.
724 2339 752 2368 D
776 2326 804 2369 d
