1649 2452
587 76 698 121 LIB.
729 80 780 121 X.
814 83 979 123 16—18.
1365 83 1443 123 619

117 131 159 165 Α.
179 131 217 165 c.
235 130 327 173 2964

117 173 214 219 bet:
248 173 509 218 “Haecine”
539 173 677 232 inquit
708 174 923 219 “victoria
958 173 1047 219 sola
1081 177 1155 218 aut
1190 173 1269 219 hac
1305 174 1446 231 praeda

113 239 305 284 contenti
336 238 440 295 estis
478 238 646 283 futuri?
678 239 807 284 vultis
838 255 914 284 vos
944 254 1021 297 pro
1051 239 1212 283 virtute
1244 253 1340 296 spes
1371 253 1444 296 ge-

27 346 30 349 .
113 317 236 349 rere:
278 316 424 349 omnes
457 302 709 348 Samnitium
738 303 866 350 urbes
894 303 1161 362 fortunaeque
1190 303 1235 347 in
1266 302 1443 347 urbibus

113 367 272 414 relictae
291 372 445 413 vestrae
472 372 585 422 sunt,
609 368 777 427 quando
806 369 993 428 legiones
1015 383 1160 413 eorum
1188 370 1256 412 tot
1283 367 1443 425 proeliis

112 433 230 478 fusas
250 436 464 491 postremo
483 433 638 478 finibus
659 433 907 492 expulistis:
938 431 1109 478 vendite
1128 432 1213 477 ista
1233 435 1277 476 et
1297 431 1444 476 illicite

112 496 230 542 lucro
270 501 547 543 mercatorem
587 501 637 542 ut
678 501 882 557 sequatur
923 513 1103 557 agmen:
1146 511 1225 555 ego
1266 495 1443 540 subinde

113 577 341 622 suggeram
376 578 469 622 qnae
503 562 727 607 vendatis:
771 562 825 608 ad
863 561 1116 608 Romuleam
1155 560 1304 606 urbem
1343 560 1442 606 hinc

112 642 270 682 eamus,
290 627 366 672 ubi
385 641 461 672 vos
489 626 608 672 labor
635 627 750 672 haud
779 627 912 686 major
941 626 1082 686 praeda
1108 629 1244 684 major
1269 628 1439 671 manet:

112 691 327 737 divendita
346 693 489 749 praeda
515 692 630 736 ultro
658 691 932 737 adhortantes
959 692 1255 749 imperatorem
1282 689 1335 735 ad
1354 690 1441 735 Ro-

111 756 292 802 muleam
313 760 524 815 pergunt:
557 757 618 802 ibi
638 773 805 816 quoque
834 757 923 802 sine
944 771 1070 815 opere
1092 756 1182 801 sine
1202 755 1439 808 tormentis,

112 821 239 866 simul
258 820 429 866 admota
449 827 550 866 sunt
581 823 715 880 signa,
738 821 855 867 nulla
873 822 917 866 vi
948 821 1140 866 deterriti
1161 836 1186 864 a
1205 819 1335 865 muris
1358 835 1440 878 qna

112 886 264 944 cuique
285 886 521 944 proximum
552 886 634 930 fuit
663 887 787 931 scalis
817 887 973 944 raptim
1004 885 1184 930 admotis
1214 885 1260 929 in
1289 885 1441 930 moem'a

111 965 310 995 evasere:
342 954 514 1008 captum
545 950 744 1009 oppidum
786 967 833 996 ac
875 951 1086 1007 direptum
1127 956 1217 994 est:
1261 949 1315 994 ad
1355 949 1439 994 duo

110 1014 241 1059 millia
264 1017 308 1059 et
334 1015 516 1060 trecenti
550 1015 678 1060 occisi
707 1019 750 1060 et
779 1031 854 1061 sex
884 1015 1013 1060 millia
1042 1015 1260 1059 hominum
1287 1020 1437 1072 capta:

109 1083 154 1124 et
188 1078 308 1124 miles
348 1079 513 1137 ingenti
552 1079 694 1138 praeda
734 1081 910 1137 potitus,
946 1095 1072 1138 quam
1108 1078 1286 1124 vendere
1327 1079 1437 1124 sicut

108 1143 288 1202 priorem
312 1148 483 1189 coactus
505 1143 778 1189 Ferentinum
799 1145 909 1199 inde,
928 1159 1181 1203 quamquam
1200 1143 1306 1188 nihil
1321 1143 1437 1201 quie-

108 1208 166 1253 tis
187 1207 379 1261 dabatur,
402 1212 545 1253 tamen
565 1224 730 1253 summa
754 1209 970 1254 alacritate
992 1208 1159 1253 ductus.
1223 1207 1435 1253 Caeterum
1450 1218 1475 1256 4

107 1272 167 1317 ibi
195 1273 292 1331 plns
319 1273 473 1318 laboris
504 1287 552 1318 ac
579 1273 755 1331 periculi
783 1273 895 1318 fuit:
929 1277 973 1318 et
1001 1272 1174 1318 defensa
1205 1287 1367 1317 summa
1393 1273 1436 1318 vi

106 1337 264 1381 moenia
284 1342 384 1382 sunt
404 1342 449 1382 et
468 1337 586 1382 locus
619 1342 710 1383 erat
730 1339 993 1383 munimento
1022 1342 1259 1394 naturaque
1279 1340 1402 1381 tutus
1423 1352 1433 1381 :

107 1401 182 1446 sed
202 1402 329 1447 evicit
350 1402 489 1446 omnia
517 1401 719 1447 adsuetus
750 1402 900 1460 praedae
928 1402 1073 1446 miles:
1107 1401 1160 1446 ad
1190 1402 1274 1446 tria
1302 1402 1434 1446 millia

106 1465 294 1510 hostium
322 1466 434 1511 circa
463 1481 607 1511 muros
638 1481 756 1520 eaesa,
783 1467 928 1525 praeda
956 1466 1101 1511 militis
1129 1466 1225 1510 fuit.
1287 1466 1470 1524 Hujus5

105 1533 446 1588 oppugnatarum
465 1530 636 1575 urbium
657 1531 820 1576 decoris
841 1547 938 1589 pars
963 1531 1096 1588 major
1115 1531 1161 1575 in
1181 1530 1433 1588 quibusdam

105 1595 325 1640 annalibus
347 1595 400 1640 ad
419 1594 656 1640 Maximum
677 1595 880 1640 trahitur:
912 1595 1203 1654 Murgantiam
1218 1595 1270 1640 ab
1284 1595 1429 1649 Decio,

105 1673 129 1703 a
149 1658 282 1704 Fabio
302 1659 578 1704 Ferentinum
598 1660 932 1718 Romuleamque
948 1663 1213 1718 oppugnatas
1234 1659 1429 1705 tradunt:

105 1728 207 1769 sunt
228 1724 302 1783 qni
330 1738 535 1770 novorum
557 1726 778 1770 consulum
806 1725 915 1771 hanc
942 1725 1117 1784 gloriam
1149 1725 1318 1780 faciant,
1339 1726 1431 1784 qui-

104 1787 200 1833 dam
229 1803 285 1834 no
342 1789 560 1835 amborum
591 1789 666 1835 sed
693 1790 878 1844 alterius,
907 1790 958 1834 L.
981 1788 1213 1844 Volumnii,
1242 1789 1282 1835 ei
1313 1790 1430 1835 Sam-

103 1853 220 1898 nium
242 1804 497 1912 pravineiam
519 1855 720 1900 evenisse.

161 1917 278 1963 Dum
300 1933 349 1963 ea
369 1919 413 1963 in
445 1920 977 1978 Samnio—cujuscumque
1005 1917 1138 1964 ductu
1159 1918 1537 1979 auspicioqnessS)

102 1987 422 2041 -—gererentur‚
438 1984 641 2029 Romanis
661 1984 706 2029 in
721 1980 895 2028 Etruria
916 1983 1084 2028 interim
1104 1983 1261 2028 bellum
1276 1984 1426 2043 ingens

103 2048 247 2093 multis
268 2064 321 2093 ex
341 2049 540 2107 gentibus
561 2049 764 2103 concitur,
785 2052 907 2107 enjus
936 2052 1084 2093 auctor
1105 2048 1264 2094 Gellius
1284 2049 1427 2109 Egna-

103 2112 190 2157 tius
210 2127 264 2157 ex
285 2113 544 2159 Samnitibus
565 2118 680 2159 erat:
712 2114 841 2158 Tusci
861 2114 949 2159 fere
970 2129 1114 2159 omnes
1135 2114 1425 2160 consciverant

102 2175 272 2231 bellum,
303 2181 493 2223 traxerat
524 2178 719 2237 contagio
759 2179 971 2237 proximos
1007 2178 1197 2224 Umbriae
1230 2178 1422 2237 populos,

102 2244 148 2288 et
182 2241 342 2289 Gallica
375 2243 530 2290 auxilia
569 2243 760 2290 mercede
799 2243 1159 2291 sollicitabantur:
1203 2242 1340 2292 omnis
1372 2259 1424 2293 ea
