1649 2452
552 62 665 102 L113.
693 62 746 102 x.
778 64 841 111 19,
862 65 924 103 20.
1335 66 1415 103 623

94 112 302 154 »cmm

93 157 232 200 tutem
251 155 434 213 aquavit
454 155 592 202 ducis:
623 157 893 214 imperatoria
907 171 1035 214 opera
1049 159 1352 214 exsequuntur,
1369 163 1414 202 31

92 218 260 273 milites,
282 234 336 264 ne
355 219 408 265 ab
436 221 567 265 altera
594 226 714 279 parte
742 222 860 280 prius
887 222 1065 267 victoria
1091 221 1277 279 incipiat,
1298 222 1415 266 adni-

91 286 263 329 tuntur:
295 299 397 343 ergo
416 285 601 330 fundunt
622 286 856 344 fugantque
877 285 1021 331 hostes
1042 286 1241 344 majorem
1261 286 1414 331 molem

91 347 206 394 haud
224 347 346 394 facile
365 350 624 395 sustinentes
646 366 772 409 quam
792 365 889 396 cum
910 366 994 409 qua
1018 365 1167 394 manus
1195 365 1415 396 conserere

92 411 258 458 adsueti
283 413 466 459 fuerant.
526 414 733 474 Urgendo
764 414 962 461 cedentes
988 413 1331 473 insequendoque
1357 415 1414 460 ef·
1431 421 1482 459 14

90 475 208 522 fusos
243 478 481 537 compulere
516 479 571 524 ad
599 483 764 525 castra:
807 479 866 525 ibi
905 480 1150 524 interventu
1185 479 1310 524 Gellii
1345 494 1414 524 co-

91 540 360 602 hortiumque
381 543 638 588 Sabellarum
669 543 881 603 paulisper
900 543 1117 589 recruduit
1147 559 1314 602 pugna:
1346 543 1412 588 his

91 621 258 664 quoque
296 622 396 652 mox
428 607 534 653 fusis
567 609 655 666 jam
695 624 721 652 a
753 608 984 654 victoribus
1020 612 1160 654 castra
1198 623 1412 666 oppugna-

91 670 257 724 bantur,
280 675 325 716 et
354 687 485 730 quum
505 672 758 718 Volumnius
787 673 879 730 ipse
909 676 1043 731 portae
1073 673 1195 731 signa
1223 672 1411 725 inferret,

89 735 254 793 Appius
281 735 497 781 Bellonam
522 738 740 783 victricem
766 737 997 782 identidem
1024 737 1239 782 celebrans
1266 752 1414 782 accen-

89 799 208 844 deret
229 799 409 846 militum
430 802 601 856 animos,
625 818 700 860 per
720 802 875 847 vallum
895 817 970 859 per
992 801 1127 847 fossas
1153 802 1411 860 irruperunt.

90 863 243 909 Castra
271 869 395 924 capta
424 865 682 926 direptaque,
713 866 855 925 praeda
883 866 1032 925 ingens
1064 870 1186 923 parta
1215 871 1258 910 et
1291 866 1414 911 militi
1431 876 1478 914 15

88 943 288 974 concessa
306 934 397 976 est.
387 949 397 958 ·
430 936 594 989 septem
613 931 744 976 millia
770 946 819 976 ac
845 931 1028 976 trecenti
1053 930 1242 975 hostium
1270 930 1410 985 occisi,

88 992 172 1038 duo
193 993 322 1039 millia
341 998 385 1039 et
405 1000 577 1040 centum
596 996 750 1055 viginti
770 996 897 1054 capti.

145 1058 262 1102 Dum
283 1058 404 1104 ambo
425 1060 618 1106 3011311133
638 1061 858 1134 omnisque
878 1061 1073 1105 Romana
1098 1059 1163 1104 vis
1190 1059 1236 1104 in
1262 1059 1411 1104 Etrus·
1424 1065 1539 1123 (20)

87 1137 184 1167 curn
213 1122 369 1168 bellum
403 1125 538 1184 magis
572 1125 760 1179 inclinat,
789 1126 836 1170 in
871 1125 1041 1169 Samnio
1070 1124 1170 1169 novi
1199 1124 1411 1169 exercitus

86 1186 224 1232 exorti
244 1187 297 1232 ad
317 1189 611 1247 populandos
598 1191 764 1249 imperii
779 1189 963 1234 Romani
982 1189 1086 1234 fines
1107 1203 1183 1246 per
1204 1188 1411 1233 Vescinos

85 1251 131 1296 in
165 1251 436 1309 Campaniam
470 1253 781 1314 Falernumque
816 1269 966 1313 agrum
999 1252 1307 1298 transcendunt
1347 1253 1412 1297 in-

85 1320 317 1374 gentesque
337 1317 498 1376 praedas
519 1318 693 1364 faciunt.
753 1318 1031 1363 Volumnium
1062 1318 1226 1376 magnis
1246 1317 1410 1362 itineri·
1426 1328 1450 1364 2

85 1380 165 1426 11113
184 1381 230 1426 111
251 1383 468 1427 Samnium
488 1383 879 1442 redeuntem—jam
899 1383 1011 1428 enim
1030 1382 1162 1427 Fabio
1191 1382 1410 1440 Decioque

84 1447 302 1505 prorogati
319 1446 482 1504 imperii
504 1448 599 1492 finis
627 1447 945 1493 aderat-fama
973 1447 1025 1492 de
1055 1447 1309 1492 Samnitium
1338 1462 1410 1491 ex-

83 1510 220 1555 ercitu
245 1511 670 1571 populationibusque
699 1513 901 1571 Campani
933 1513 1024 1571 agri
1054 1511 1108 1556 ad
1134 1511 1316 1557 tuendos
1345 1527 1408 1556 so·

83 1575 170 1620 cios
200 1578 423 1622 convertit.
483 1577 549 1622 Ut
582 1577 628 1622 in
663 1577 867 1622 Calenum
897 1592 1044 1636 agrum
1081 1577 1210 1630 venit,
1243 1580 1287 1621 et
1316 1576 1408 1634 ipse
1424 1585 1447 1621 3

82 1640 217 1685 3311111
237 1642 422 1686 recentia
442 1641 570 1687 cladis
591 1643 771 1701 vestigia
791 1646 834 1687 et
863 1642 1009 1687 Caleni
1035 1646 1209 1687 narrant
1238 1644 1406 1686 tantum

75 1707 167 1761 ,iam
186 1705 337 1763 praedae
357 1706 501 1751 hostes
522 1706 690 1752 trahere
716 1711 766 1751 ut
794 1707 866 1752 vix
893 1706 1102 1764 explicare
1129 1721 1281 1764 agmen
1310 1720 1408 1764 pos-

81 1769 180 1822 sint,
202 1770 345 1828 itaque
362 1771 449 1829 jam
469 1771 683 1829 propalam
705 1771 832 1817 duces
853 1771 968 1829 loqui
988 1771 1199 1829 extemplo
1220 1769 1406 1816 eundum

78 1833 125 1880 in
146 1834 361 1892 Samni0m
389 1851 494 1890 esse,
517 1841 568 1881 ut
587 1836 735 1881 relicta
763 1836 823 1881 ibi
851 1836 994 1895 proeda
1018 1836 1065 1880 in
1094 1834 1405 1894 expeditionem

79 1898 254 1944 redeant
280 1915 358 1946 nec
385 1905 474 1945 tam
501 1905 722 1946 oneratum
751 1917 902 1974 agmen
932 1901 1190 1946 dimicationi
1216 1900 1405 1946 commit·

79 1967 187 2008 tant.
250 1964 315 2009 Ea
335 1981 587 2024 quamquam
608 1966 759 2010 similia
778 1967 889 2010 veris
918 1970 1050 2019 erant,
1074 1965 1232 2010 certius
1261 1967 1404 2009 tamen
1420 1978 1444 2013 4

79 2028 338 2086 exploranda
369 2035 489 2075 ratus
518 2029 698 2075 dimittit
727 2031 905 2089 equites,
937 2031 1009 2090 qui
1035 2045 1165 2089 vagos
1198 2028 1403 2088 praedato-

81 2107 151 2138 res
179 2093 226 2139 in
254 2096 368 2154 agris
399 2095 589 2154 palantes
616 2095 854 2154 excipiant:
887 2111 941 2141 ex
971 2094 1123 2152 quibus
1153 2093 1403 2154 inquirendo

80 2159 299 2215 cognoscit
334 2159 388 2205 ad
424 2159 684 2205 Vulturnum
719 2161 879 2206 flumen
913 2159 1059 2205 sedere
1093 2160 1273 2212 hostem,
1304 2157 1402 2203 inde

80 2222 208 2269 131113
242 2224 384 2284 vigilia
421 2230 652 2282 moturum,
688 2225 770 2273 iter
809 2226 854 2272 in
894 2225 1111 2276 Samnium
1145 2239 1252 2276 esse.
1316 2223 1443 2275 His
1420 2246 1443 2272 0
