1649 2452
181 113 258 152 496
501 112 546 153 T.
568 112 719 151 LIVH
750 113 1170 152 HlSTORlARUM

180 205 379 252 morabile
413 205 612 251 adversus
646 206 842 250 Antiates
875 207 927 252 ab
967 206 1171 252 dictatore
1210 167 1402 266 gestum).
1417 167 1496 265 gt,

183 286 310 328 quum
334 270 492 328 aliquot
513 286 677 315 menses
699 271 856 315 stativa
874 271 919 315 in
939 287 1040 330 agro
1052 272 1218 316 Antiati
1237 271 1466 317 habuisset.

143 339 165 375 5
240 337 364 379 Anno
394 335 549 393 insigni
578 335 752 379 victoria
783 335 833 380 de
863 339 929 379 tot
957 351 1004 380 ac
1031 340 1119 380 tam
1145 336 1390 394 potentibus
1419 352 1495 395 po-

183 399 304 456 pulis,
338 399 390 443 ad
420 400 499 443 hoc
529 399 744 443 consulum
778 399 949 444 alterius
980 400 1110 445 nobili
1143 409 1290 456 morte,
1326 401 1497 446 alterius

183 465 292 507 sicut
324 465 435 507 truci
467 464 527 507 ita
554 463 664 507 claro
693 463 746 507 ad
773 465 1015 508 memoriam
1042 465 1230 522 imperio,
1260 480 1499 510 successere

183 527 374 572 consules
415 527 476 571 Ti.
499 527 695 572 AEmilius
735 527 1020 572 Mamercinus
1058 529 1113 576 Q.
1135 528 1344 574 Publilius
1377 529 1499 574 Philo

183 607 319 649 neque
348 592 392 635 in
423 592 599 636 similem
629 592 845 636 materiam
874 608 1016 636 rerum
1046 596 1089 637 et
1116 593 1199 651 ipsi
1225 596 1299 638 aut
1330 609 1501 638 suarum

183 671 323 700 rerum
345 661 418 699 aut
438 656 621 713 partium
648 656 692 700 in
712 672 800 701 rem
820 656 1028 714 publicam
1056 657 1188 715 magis
1209 671 1334 714 quam
1353 658 1510 715 patriae*

145 727 168 764 6
186 736 400 764 memores.
464 720 640 764 Latinos
668 720 721 765 ob
751 721 854 765 iram
886 721 977 778 agri
1007 721 1149 765 amissi
1178 721 1426 766 rebellantes
1456 722 1502 766 in

145 790 167 832 7
184 785 340 841 campis
376 784 624 829 Fenectanis
660 785 860 829 fuderunt
891 785 1122 843 castrisque
1152 789 1372 830 exuerunt.
1432 785 1503 830 Ibi

187 849 379 903 Publilio,
411 851 532 906 cujus
564 849 696 893 ductu
727 850 993 908 auspicioque
1022 865 1090 894 res
1128 853 1259 907 gestae
1293 852 1426 903 erant,
1457 849 1503 894 in

185 912 438 956 deditionem
466 913 697 970 accipiente
727 914 903 958 Latinos
934 913 1110 972 populos
1142 928 1318 972 quorum
1348 913 1408 958 ibi
1430 915 1503 970 ju-

185 981 337 1021 ventus
359 993 465 1021 caesa
489 982 592 1030 erat,
615 978 809 1022 AEmilius
839 978 891 1022 ad
917 978 1079 1023 Pedum
1106 977 1338 1023 exercitum
1365 977 1500 1023 duxit.

147 1049 170 1084 8
186 1041 379 1086 Pedanos
418 1041 618 1086 tuebatur
657 1042 809 1087 Tiburs
849 1042 1134 1087 Praenestinus
1174 1042 1502 1100 Veliternusque

148 1116 170 1151 9
189 1107 378 1165 populus,
396 1111 597 1152 venerant
619 1114 662 1152 et
683 1108 734 1152 ab
751 1109 938 1153 Lanuvio
958 1109 1171 1166 Antioque
1188 1108 1352 1152 auxilia.
1414 1107 1503 1152 Ubi

186 1188 314 1230 quum
336 1172 489 1229 proeliis
507 1173 674 1235 quidem
694 1174 883 1231 superior
904 1174 1120 1218 Romanus
1141 1179 1266 1227 esset,
1284 1172 1338 1217 ad
1356 1172 1503 1217 urbem

185 1237 317 1294 ipsam
342 1237 502 1281 Pedum
530 1241 750 1295 castraque
772 1238 977 1282 sociorum
1007 1238 1267 1295 populorum,
1289 1253 1382 1294 quae
1407 1236 1505 1281 urbi

188 1301 384 1358 adjuncta
410 1305 542 1355 erant,
572 1302 736 1360 integer
756 1301 872 1346 labor
898 1306 1090 1355 restaret,
1120 1301 1228 1347 bello
1255 1302 1412 1346 infecto
1439 1316 1505 1345 re·

188 1370 313 1423 pente
335 1366 488 1410 omisso
509 1366 668 1419 consul,
690 1367 787 1424 quia
813 1366 982 1424 collegae
1004 1366 1219 1411 decretum
1242 1365 1504 1424 triumphum

189 1429 360 1483 audivit,
383 1431 473 1487 ipse
495 1446 659 1489 quoque
686 1431 889 1488 triumphi
917 1435 1014 1475 ante
1044 1430 1261 1475 victoriam
1290 1430 1505 1488 flagitator

128 1499 175 1537 10
191 1495 368 1539 Romam
409 1495 545 1539 rediit.
609 1496 706 1543 Qua
741 1495 971 1554 cupiditate
1005 1495 1175 1540 offensis
1210 1494 1400 1553 patribus
1434 1509 1505 1539 ne·

191 1559 470 1617 gantibusque
506 1560 586 1604 nisi
622 1560 737 1604 Pedo
773 1568 895 1618 capto
932 1564 1004 1604 aut
1047 1559 1188 1604 dedito
1228 1559 1503 1618 triumphum,

190 1625 287 1668 hinc
310 1624 512 1668 alienatus
534 1623 585 1668 ab
607 1629 757 1668 senatu
772 1624 969 1668 AEmilius
991 1624 1199 1669 seditiosis
1219 1623 1505 1669 tribunatibus

193 1689 367 1732 similem
404 1688 552 1733 deinde
588 1689 851 1733 consulatum
881 1690 1038 1747 gessit:
1070 1705 1168 1733 nam
1202 1704 1338 1747 neque
1369 1687 1507 1746 quoad

193 1754 275 1797 fuit
297 1753 442 1797 consul
463 1754 672 1798 criminari
693 1753 803 1812 apud
831 1754 1031 1812 populum
1059 1758 1201 1812 patres
1222 1753 1400 1806 destitit,
1423 1753 1508 1798 col-

185 1818 287 1876 lega
322 1818 641 1876 haudquaquam
674 1818 932 1873 adversante,
965 1818 1062 1877 quia
1095 1823 1139 1863 et
1174 1818 1264 1875 ipse
1300 1817 1351 1862 de
1386 1817 1507 1875 plebe

195 1883 569 1926 erat—materiam
593 1887 734 1927 autem
758 1883 967 1939 praebebat
984 1882 1225 1927 criminibus
1247 1897 1346 1940 ager
1362 1882 1407 1926 in
1426 1881 1508 1926 La·

194 1947 283 1990 tino
312 1947 570 2005 Falernoque
599 1962 699 2006 agro
729 1948 905 2005 maligne
934 1947 1066 2005 plebei
1098 1947 1370 2001 divisus—et,
1392 1950 1508 2004 post-

195 2027 317 2068 quam
340 2019 510 2056 senatus
532 2013 650 2056 finire
670 2013 890 2070 imperium
911 2012 1150 2057 consulibus
1178 2012 1350 2068 cupiens
1379 2011 1509 2056 dicta·

194 2082 329 2119 torem
351 2075 550 2121 adversus
570 2076 820 2122 rebellantes
840 2077 1016 2122 Latinos
1044 2075 1126 2121 dici
1146 2077 1291 2133 jussit,
1312 2075 1508 2120 AEmilius

195 2145 287 2185 tum
308 2145 428 2198 cujus
449 2143 583 2187 fasces
604 2147 725 2187 erant
745 2142 946 2201 collegam
967 2141 1215 2187 dictatorem
1242 2141 1363 2195 dixit,
1386 2140 1438 2186 ab
1458 2156 1509 2186 eo

131 2207 179 2245 11
197 2206 396 2263 magister
435 2207 626 2264 equitum
665 2208 693 2251 J
696 2207 820 2252 unius
859 2207 1022 2252 Brutus
1063 2206 1217 2251 dictus.
1282 2206 1510 2251 Dictatura

195 2270 406 2329 popularis
442 2275 485 2316 et
520 2272 778 2323 orationibus
812 2273 857 2319 in
890 2276 1031 2331 patres
1072 2271 1304 2318 criminosis
1343 2271 1425 2317 fuit
1465 2275 1509 2325 et
