1649 2452
574 61 687 102 LIB.
716 63 790 102 VI.
820 63 884 110 41,
904 65 967 102 42.
1346 65 1426 105 423

101 116 410 220 ‹Yueffssdl'ilavin
426 157 518 201 tum
535 158 786 213 pugnatam:
816 154 1007 213 pluribus
1028 153 1271 199 auctoribus
1292 155 1426 214 magis

101 224 286 270 adducor
314 224 365 267 ut
395 219 573 273 credam,
607 218 750 264 decem
780 218 894 264 haud
924 219 1062 263 minus
1093 222 1191 277 post
1219 233 1349 263 annos
1378 235 1428 264 ea

101 293 207 342 acta,
236 287 318 332 hoc
349 289 491 330 autem
521 298 630 328 anno
660 284 705 328 in
732 284 896 329 Albano
925 299 1026 342 agro
1056 299 1152 328 cum
1183 283 1313 328 Gallis
1345 283 1427 328 dic-

100 358 239 399 tatore
259 352 323 397 M.
345 349 474 395 Furio
502 349 624 408 signa
651 348 815 394 collata.
876 349 968 394 Nec
1000 348 1127 394 dubia
1151 364 1229 394 nec
1251 347 1463 394 difficiliss

100 417 318 471 RomaniS,
347 429 599 474 quamquam
626 413 842 472 ingentem
872 413 980 458 Galli
1003 417 1208 458 terrorem
1228 414 1428 458 memoria

101 481 289 541 pristinae
319 478 448 525 cladis
479 477 730 531 adtulerant‚
769 478 947 523 victoria
979 477 1089 522 fuit:
1131 477 1266 522 multa
1299 477 1428 522 millia

101 546 372 592 barbarorum
407 543 453 587 in
487 542 587 595 acie,
624 542 758 587 multa
789 543 922 601 captis
954 542 1103 588 castris
1135 557 1265 587 caesa:
1298 541 1428 600 palati

102 611 172 656 alii
191 609 387 668 Apuliam
408 607 587 652 maxime
616 611 810 665 petentes
841 623 970 666 quum
991 607 1094 666 fuga
1121 623 1165 652 se
1186 606 1426 665 longinqua,

101 680 191 721 tum
215 673 328 734 quod
347 673 503 732 passim
524 687 595 716 eos
617 670 743 716 simul
771 687 900 729 pavor
920 676 1140 731 terrorque
1161 670 1424 725 distulerant,

102 740 154 786 ab
180 740 304 785 hoste
331 753 423 783 sese
452 736 584 781 tutati
611 741 724 781 sunt.
787 737 1000 781 Dictatori
1027 751 1234 782 consensu
1258 740 1427 794 patrum

101 804 319 864 plebisque
358 801 599 859 triumphus
641 801 849 846 decretus.
929 801 1117 846 Vixdum
1158 800 1463 859 perfunctum?

101 886 198 915 eum
218 868 328 914 bello
349 866 531 911 atrocior
558 865 671 910 domi
699 865 850 910 seditio
879 867 1058 924 excepit,
1080 868 1123 910 et
1144 881 1219 924 per
1238 865 1428 925 ingentia

102 933 331 980 certamina
357 932 540 976 dictator
566 934 822 988 senatusque
849 930 986 975 victus
1015 934 1065 975 ut
1091 930 1331 989 rogationes
1351 931 1427 975 tri-

100 998 279 1044 buniciae
307 996 608 1054 acciperentur,
637 999 680 1039 et
709 995 880 1040 comitia
906 995 1127 1040 consulum
1155 994 1331 1040 adversa
1355 1010 1427 1040 no-

100 1063 265 1108 bilitate
291 1060 447 1113 habita,
478 1059 629 1118 quibus
657 1058 709 1104 L.
734 1059 903 1104 Sextius
932 1059 983 1104 de
1004 1059 1124 1117 plebe
1152 1060 1311 1117 primus
1332 1075 1427 1105 con-

101 1127 169 1173 sul
206 1127 358 1172 factus.
420 1124 478 1170 Et
513 1141 566 1170 ne
602 1125 638 1169 is
679 1123 848 1183 quidem
882 1124 977 1168 finis
1015 1124 1291 1169 certaminum
1329 1125 1464 1179 fuine

102 1192 201 1252 quia
230 1189 395 1250 patricii
425 1205 470 1235 se
502 1193 696 1234 auctores
727 1188 894 1233 futuros
928 1188 1166 1248 negabant:
1198 1204 1329 1248 prope
1364 1205 1429 1235 se·

102 1257 333 1303 cessionem
360 1254 494 1314 plebis
524 1270 592 1299 res
623 1253 916 1312 terribilesque
947 1253 1048 1298 alias
1079 1254 1213 1299 minas
1244 1254 1428 1300 civilium

103 1321 380 1367 certaminum
419 1319 549 1372 venit,
593 1335 721 1377 quum
757 1322 901 1364 tamen
936 1334 1011 1377 per
1045 1318 1295 1364 dictatorem
1334 1335 1429 1364 con-

103 1385 336 1431 ditionibus
365 1384 522 1429 sedatae
554 1382 771 1429 discordiae
799 1386 899 1428 suut
927 1398 1257 1442 concessumque
1284 1383 1336 1428 ab
1356 1399 1431 1430 no-

103 1450 268 1496 bilitate
298 1449 412 1509 plebi
441 1448 493 1494 de
524 1448 694 1494 consule
724 1447 900 1507 plebeio,
933 1463 958 1492 a
987 1447 1108 1507 plebe
1137 1448 1350 1493 nobilitati
1379 1447 1430 1493 de

103 1519 285 1574 praetore
312 1529 411 1567 uno,
442 1512 515 1572 qui
533 1516 608 1571 jus
634 1514 680 1558 in
706 1513 810 1558 urbe
838 1512 1009 1567 diceret,
1040 1529 1095 1558 ex
1121 1512 1311 1571 patribus
1342 1528 1431 1558 cre-

105 1579 225 1625 ando.
278 1579 350 1624 Ita
370 1578 422 1624 ab
444 1577 608 1623 diutina
627 1577 691 1623 ira
710 1577 882 1623 tandem
903 1578 948 1623 in
968 1578 1234 1623 concordiam
1249 1577 1431 1623 redactis
1444 1585 1467 1623 9

104 1643 321 1690 ordinibus
344 1659 474 1702 quum
496 1643 665 1701 dignam
693 1658 784 1688 eam
804 1659 894 1688 rem
918 1647 1091 1688 senatus
1114 1647 1305 1688 censeret
1325 1658 1430 1697 esse,

104 1709 339 1769 meritoque
378 1707 423 1753 id
458 1707 495 1752 si
530 1706 697 1766 quando
732 1723 932 1766 umquam
967 1707 1068 1752 alias
1105 1707 1228 1752 defim
1265 1707 1434 1752 immor-

105 1774 254 1820 talium
281 1789 410 1819 causa
436 1772 617 1818 libenter
643 1772 831 1817 facturos
857 1773 959 1826 fore,
982 1776 1032 1817 ut
1059 1772 1148 1817 ludi
1175 1772 1346 1817 maximi
1365 1773 1435 1818 fic⁴

106 1842 202 1884 rent
229 1848 273 1884 et
301 1837 390 1883 dies
418 1853 529 1882 unus
554 1836 607 1881 ad
636 1836 825 1882 triduum
850 1837 1118 1895 adjiceretur,
1141 1837 1435 1883 recusantibus

106 1903 151 1949 id
184 1919 337 1948 munus
373 1902 562 1948 aedilibus
594 1901 727 1960 plebis
758 1901 1065 1947 conclamatum
1095 1917 1120 1946 a
1149 1902 1336 1960 patriciis
1368 1906 1435 1947 est

104 1968 331 2028 juvenibus
351 1983 397 2013 se
417 1966 462 2012 id
482 1967 652 2012 honoris
681 1966 808 2012 desim
835 1967 1132 2012 immortalium
1154 1982 1281 2012 causa
1305 1965 1436 2012 liben-

109 2039 175 2078 ter
195 2037 364 2078 acturos
384 2037 435 2078 ut
456 2031 596 2077 aediles
618 2032 766 2077 fierent
784 2051 794 2077 ε
827 2031 980 2091 quibus
1000 2047 1131 2090 quum
1154 2031 1206 2077 ab
1226 2031 1435 2077 universis

109 2098 257 2157 gratiae
285 2101 390 2143 actae
418 2101 574 2151 essent,
604 2097 763 2142 factum
792 2101 964 2142 senatus
985 2096 1238 2153 consultum,
1268 2101 1318 2142 ut
1348 2098 1433 2142 duo

110 2163 224 2208 viros
252 2161 393 2208 aediles
419 2178 474 2208 ex
502 2161 694 2221 patribus
722 2161 903 2208 dictator
929 2161 1133 2222 populum
1158 2165 1341 2221 rogaret,
1364 2174 1434 2223 pa-

111 2231 200 2276 tres
220 2230 414 2277 auctores
435 2225 630 2275 omnibus
650 2229 743 2288 ejus
764 2226 863 2276 anni
882 2227 1064 2277 comitiis
1084 2226 1249 2280 fierent.
