1649 2452
551 109 664 148 LIB.
694 109 794 150 VII.
824 112 863 158 6,
883 112 921 152 7.
1322 114 1396 152 431

79 162 126 196 Δ.
141 163 182 196 c.
197 159 286 206 862]

79 208 192 250 serat
206 204 357 263 legem,
370 203 531 262 maiore
543 217 658 249 nnnc
678 205 931 250 auctoritato
946 205 1145 249 eventum
1159 202 1403 263 reprehensi

78 268 132 314 ab
156 284 202 314 se
220 267 383 314 consilii
402 269 679 323 incusantem,
703 269 953 314 dictatorem
974 283 1185 314 consensu
1205 268 1399 326 patricio-

78 349 173 379 rum
201 333 402 379 Servilius
433 333 579 379 consul
609 333 723 387 dicit,
748 334 1007 393 dilectusque
1035 338 1079 378 et
1095 333 1309 391 justitium
1342 332 1402 376 in-

79 398 252 442 dictum.
313 397 566 456 Priusquam
589 397 772 443 dictator
793 398 1062 456 legionesque
1089 412 1207 442 novae
1228 397 1272 441 in
1293 397 1402 441 Her·
1419 396 1488 449 (7)

77 462 195 508 nicos
214 461 419 516 venirent,
442 463 575 508 ductu
603 463 652 508 G.
677 462 851 522 Sulpicii
873 463 1002 520 legati
1022 477 1090 506 res
1112 477 1186 520 per
1214 462 1400 506 occasio-

77 543 174 573 nem
208 529 330 586 gesta
364 528 533 586 egregie
568 531 647 572 est.
708 527 763 572 In
797 528 1018 580 Hernicos,
1049 530 1186 571 morte
1217 525 1401 570 consulis
1418 530 1442 566 2

77 591 352 650 contemptim
368 591 422 636 ad
442 595 581 637 castra
601 592 794 637 Romana
822 607 919 636 cum
947 590 1060 636 haud
1087 590 1214 635 dubia
1242 606 1403 648 expug-

76 655 205 701 nandi
239 671 313 714 spe
349 656 637 707 succedentes,
669 656 867 701 hortante
903 657 1044 714 legato
1080 661 1123 700 et
1160 655 1294 713 plenis
1330 655 1402 700 irae

77 725 205 780 atque
244 720 510 780 indignitatis
552 721 732 765 militum
774 722 922 765 animis
963 720 1129 778 eruptio
1170 725 1236 764 est
1277 719 1402 764 facta.

76 785 268 831 Muitum
295 786 347 830 ab
376 801 450 843 spe
479 785 660 830 adeundi
690 786 788 830 valli
820 801 886 830 res
918 785 1117 830 Hernicis
1147 785 1267 838 afuit,
1300 786 1402 829 adeo
1420 788 1443 825 3

75 850 260 895 turbatis
295 850 392 896 inde
422 850 641 896 ordinibus
673 851 924 896 abscessere.
987 850 1220 895 Dictatoris
1255 849 1446 894 deinde4

77 913 262 960 adventu
281 930 417 960 novus
437 916 572 960 veteri
600 916 811 961 exercitus
829 916 1025 973 jungitur
1046 919 1089 959 et
1111 915 1241 973 copiae
1269 914 1405 972 dupli-

77 982 240 1032 cantur,
258 983 302 1024 et
322 995 399 1037 pro
421 981 620 1025 concione
638 980 820 1025 dictator
840 980 1033 1024 laudibus
1056 979 1185 1037 legati
1205 979 1405 1024 militum-

77 1058 171 1102 que,
205 1059 383 1102 quorum
409 1045 570 1090 virtute
601 1050 740 1090 castra
770 1045 942 1090 defensa
972 1049 1104 1098 erant,
1137 1043 1260 1088 simul
1289 1043 1403 1089 audi-

76 1107 247 1153 entibus
276 1108 420 1154 laudes
452 1110 623 1155 meritas
653 1110 765 1155 tollit
799 1110 958 1154 animos
990 1109 1115 1153 simul
1150 1117 1323 1153 caeteros
1355 1108 1408 1153 ad

41 1182 48 1190 ⁴
77 1173 332 1218 aemulandas
369 1174 551 1219 virtutes
588 1175 713 1220 acuit.
777 1175 930 1233 Neque
966 1174 1137 1232 segnius
1174 1173 1225 1217 ad
1261 1173 1405 1218 hostes
1423 1180 1446 1217 5

76 1236 231 1282 bellum
257 1243 497 1297 apparatur,
519 1239 593 1298 qui
613 1246 656 1284 et
680 1240 790 1297 parti
811 1245 908 1284 ante
930 1238 1091 1283 decoris
1111 1253 1317 1283 memores
1337 1253 1406 1283 ne-

0 1305 2 1322 ²
77 1317 159 1358 que
189 1302 327 1362 ignari
362 1309 581 1349 auctarum
612 1305 764 1349 virium
794 1304 930 1349 hostis
966 1319 1066 1348 suas
1100 1318 1266 1362 quoque
1295 1303 1406 1347 vires

0 1401 2 1405 .
77 1372 263 1425 augent:
294 1383 418 1413 omne
448 1369 686 1414 Hernicum
715 1384 882 1423 nomen,
913 1368 1048 1413 omnis
1079 1368 1272 1412 militaris
1304 1371 1406 1412 aetas

76 1431 265 1476 excitur:
300 1432 659 1492 quadringenariae
682 1438 778 1478 octo
800 1432 1164 1479 cohortes—lecta
1177 1432 1329 1477 robora
1348 1433 1406 1477 vi-

76 1497 534 1543 rorum—scribuntur.
597 1499 729 1544 Hunc
759 1499 959 1544 eximium
987 1499 1136 1543 florem
1162 1497 1402 1556 juventutis
1421 1507 1444 1543 6

77 1575 128 1605 eo
149 1561 289 1615 etiam,
314 1562 427 1620 quod
449 1566 498 1607 ut
524 1562 680 1622 duplex
709 1564 945 1621 acciperent
976 1562 1231 1622 stipendium
1262 1562 1405 1607 decre-

76 1631 237 1681 verant,
259 1628 348 1684 spei
369 1628 686 1687 animorumque
706 1629 944 1687 implevere.
996 1629 1214 1673 Immunes
1238 1642 1404 1686 quoque
1422 1637 1443 1677 7

76 1705 251 1748 operum
280 1692 524 1736 militarium
557 1697 690 1749 erant,
721 1697 770 1738 ut
801 1694 846 1738 in
875 1709 1008 1738 unum
1037 1708 1190 1751 pugnae
1220 1692 1405 1736 laborem

76 1757 280 1801 reservati
299 1757 394 1814 plus
416 1757 496 1802 sibi
517 1773 642 1816 quam
663 1773 739 1816 pro
760 1759 871 1803 virili
890 1762 1012 1817 parte
1033 1756 1307 1802 adnitendum
1329 1757 1405 1802 sci-

76 1823 193 1865 rent:
222 1823 343 1866 extra
363 1821 550 1867 ordinem
568 1823 694 1867 etiam
712 1823 756 1867 in
772 1823 860 1868 acie
880 1823 1018 1876 locati,
1038 1837 1121 1880 quo
1142 1821 1407 1880 conspectior

76 1886 214 1930 virtus
245 1890 370 1931 esset.
432 1887 576 1932 Duum
607 1887 783 1932 millium
813 1887 1009 1945 planities
1040 1890 1179 1932 castra
1214 1886 1445 1933 Romanass

78 1949 131 1995 ab
158 1950 357 1996 Hernicis
388 1950 634 1996 dirimebat:
666 1952 725 1997 ibi
752 1952 843 2010 pari
869 1952 1001 1997 ferme
1028 1952 1242 2010 utrimque
1267 1951 1406 2010 spatio

77 2014 121 2060 in
161 2015 298 2060 medio
337 2019 573 2074 pugnatum
614 2020 693 2061 est.
755 2017 898 2061 Primo
940 2017 1062 2061 stetit
1097 2015 1296 2076 ambigua
1331 2022 1445 2074 spe9

77 2093 220 2138 pugna
246 2081 501 2139 nequiquam
529 2097 640 2141 saepe
668 2082 829 2127 conatis
858 2081 1071 2140 equitibus
1096 2081 1300 2126 Romanis
1328 2081 1406 2126 im-

77 2147 182 2202 petu
199 2145 372 2190 turbare
386 2145 574 2191 hostium
590 2146 733 2192 aciem.
782 2147 1017 2206 Postquam
1037 2146 1246 2206 equestris
1261 2161 1406 2204 pugna
1424 2154 1471 2192 10

79 2207 234 2254 effectu
252 2225 378 2268 quam
404 2210 625 2256 conatibus
653 2211 800 2256 vanior
826 2215 930 2265 erat,
960 2211 1154 2257 consulto
1181 2210 1298 2269 prius
1320 2209 1408 2255 dic-

80 2273 217 2319 tatore
247 2275 410 2340 equites
441 2276 649 2336 permissu
679 2276 829 2323 deinde
859 2277 950 2337 ejus
983 2276 1141 2323 relictis
1173 2276 1291 2336 equis
1323 2275 1406 2320 cla-
